4824 6158
398 273 475 342 EUC

1072 273 1150 342 Elio

1752 274 1829 344 EUC
2062 278 2127 346 329

101 443 292 507 judicium,et
318 443 355 492 ad
382 443 503 494 debitam
525 444 744 508 damnationem,
793 442 1053 507 ilaqitiodivulqato
1065 442 1174 507 publice
1198 445 1367 508 expiaretur.
1392 445 1433 496 Ea
1482 445 1635 510 Episcopus
1651 447 1774 496 :Rumor
1789 446 1886 511 populi
1904 449 2078 511 parricidam
2098 457 2126 502 ιι

104 507 265 618 animaeque
289 506 349 570 ejus
371 508 409 558 ad
430 513 595 580 perpetuam
618 508 745 580 salvatio·
794 505 896 579 scilicet
910 505 1137 580 tenoreeumdern
1146 506 1231 580 prius,
1244 507 1432 582 testificantes,
1480 508 1636 580 proclamat
1651 522 1775 573 esse,eqo
1789 523 1852 560 vera
1865 513 1958 585 uirum
1979 521 2123 585 perpetra-

103 582 178 620 nern.
202 583 244 618 ,ι
268 572 335 618 tunc
355 583 418 619 cum
441 575 542 620 mentis
567 583 601 618 ac
624 582 746 633 carpam
794 571 825 616 ui
838 581 862 617 sa
876 581 907 616 sn
922 567 1015 631 aliqua
1029 570 1433 632 consciustantapsocnlisoret,
1482 571 1614 620 vemsboc
1628 571 1725 631 scelus,
1738 585 1778 622 an
1793 586 1859 632 nan,
1885 587 2002 636 rqnoro:
2022 577 2125 627 idcirco

102 632 265 681 innocentio
277 632 396 694 sumpsit
407 632 522 680 unicum
545 632 650 682 cttnctis
675 631 745 695 fide·

104 692 177 742 libus
199 693 360 744 remedium.
401 694 580 756 crediditque
605 695 743 766 populus,

101 755 232 820 quamvis
245 769 315 814 aare,
327 759 354 806 et
367 769 430 804 cum
445 755 614 806 detractione
636 756 745 820 injusta

99 819 168 881 plus
182 817 209 868 ei
216 817 333 929 profuit,
348 831 410 867 cum
424 831 522 868 nocere
544 817 662 868 studuit.
685 820 745 870 Nec

102 880 212 931 absimi
226 881 325 931 eillud
366 880 423 931 uod
447 881 557 944 profert
580 880 744 944 exemplum

103 943 199 992 adam
213 893 452 1007 Bremens‘isoap.
465 943 519 993 147.
535 944 564 994 et
584 955 619 1016 ιι
640 955 673 1016 eo
695 943 744 1016 hl-

103 1003 207 1056 bertus
220 1004 370 1056 stadensis
387 1016 454 1056 ann.
471 1004 540 1056 1051.
569 1004 620 1055 ιιι
645 1006 688 1056 art
713 1016 743 1055 rn

103 1066 237 1117 coneilio
249 1067 431 1127 Moguntlno.
445 1065 604 1130 Spirensem
632 1067 744 1132 Episco-

99 1127 745 1254 ιιιιιιιιιιιιιιι

101 1205 111 1240 ι
148 1206 164 1240 ι
299 1205 307 1220 ·
735 1207 744 1240 ι

101 1257 258 1317 purgatum
287 1225 352 1303 esic.
385 1253 432 1304 Sic
458 1255 535 1318 apud
563 1253 744 1315 Reginonem

103 1327 173 1366 ann.
215 1315 270 1366 ali.
301 1315 467 1368 Eriderious
502 1316 743 1380 archiepiscopus

103 1377 333 1441 conspirationis
344 1377 374 1428 in
389 1377 598 1441 Imperatorem
623 1389 743 1429 accusa·

102 1441 162 1496 tus,
172 1439 287 1502 publiea
300 1452 329 1489 se
343 1438 561 1503 examinatione,
566 1439 743 1504 perceptione

104 1500 234 1564 Corporis
248 1506 275 1551 et
289 1500 443 1565 Sanquinis
453 1502 567 1552 Darmns
578 1516 671 1552 coram
692 1516 743 1567 po-

100 1563 169 1627 pulo
181 1563 216 1612 in
226 1562 351 1614 Ecclesia
360 1564 501 1628 purqavit.

133 1626 246 1677 Eodem
292 1626 391 1678 erinde
418 1638 449 1678 se
470 1625 582 1689 iudicio
606 1627 743 1691 purgavit

103 1688 263 1750 Gregorius
271 1639 341 1739 pVII.
353 1687 431 1752 apud
443 1688 632 1740 Lambertum
644 1688 741 1740 Schel-

103 1749 171 1800 nab.
197 1762 267 1800 ann.
293 1750 372 1800 1077:
398 1749 528 1800 Absoluta
550 1764 580 1801 eo
604 1750 742 1814 (Henrleo

103 1813 192 1875 Imp.)
201 1812 237 1861 ab
246 1811 538 1876 excommunicatione,
553 1812 634 1876 Papa
645 1812 743 1862 Missa·

102 1873 341 1988 iimsfflit'iid.
362 1873 539 1987 ittet:
551 1875 743 1987 dissimili

134 1951 166 1986 cr
202 1951 218 1986 o
343 1975 349 1996 ,

101 2000 236 2061 frequens
250 1999 358 2056 αάιιιι,
375 1951 565 2061 rierirltirudtne,
589 2000 627 2049 ad
652 1951 743 2050 aliare

101 2061 232 2120 evocavit,
243 2061 451 2124 proferensque
465 2075 553 2111 manu
569 2061 674 2124 Corpus
687 2060 742 2111 Da·

102 2123 248 2184 minicum,
266 2122 334 2187 Eqa,
357 2123 388 2172 in
408 2123 458 2186 uit,
481 2123 646 2188 jampriden
671 2137 689 2174 a
717 2131 743 2174 ιι

103 2186 213 2258 tuisque
225 2139 498 2246 soutaribnsiitteras
521 2185 623 2248 accepi,
644 2185 742 2249 quibus

103 2261 146 2298 me
160 2247 348 2297 insimulabas
362 2246 461 2298 Ssdem
486 2247 672 2312 Apostolicarn
693 2261 743 2322 per

102 2310 287 2359 simoniacam
300 2310 422 2359 heresim
432 2323 617 2372 occupasse...
630 2316 656 2360 et
681 2310 742 2360 licet

102 2373 256 2421 multorum
269 2372 431 2422 idoneorum
445 2380 518 2423 certe
530 2373 641 2422 testium
653 2372 742 2422 adsti-

98 2434 364 2498 pulationem-imon
385 2434 510 2497 refellere
533 2448 673 2499 queam,...
694 2448 742 2498 eqo

103 2503 199 2547 tamen
214 2511 250 2546 ne
274 2496 395 2546 bumana
414 2497 508 2559 potius
535 2510 621 2561 quom
646 2496 742 2546 divino

102 2559 157 2607 niti
178 2558 281 2608 videar
301 2559 466 2619 testimonio,
493 2564 524 2608 ut
543 2559 743 2620 satiasactiania

102 2620 266 2684 compendio
281 2633 390 2670 omnem
400 2620 742 2672 omnibusscondoliseru·

124 2683 202 2731 ulum
214 2683 250 2734 de
276 2682 365 2732 medio
390 2682 531 2746 auserem,
550 2697 609 2734 ecce
638 2683 743 2748 Corpus

99 2697 291 2806 Dominieum,
303 2745 546 2822 quodsumpturus
559 2760 613 2810 ero,
627 2747 740 2810 incepe-

100 2807 258 2857 rimenturn
291 2807 362 2855 anibi
389 2808 470 2858 bodie
498 2809 549 2871 fiat
577 2808 744 2858 innocentie

101 2883 183 2927 rneae,
194 2875 226 2918 ut
239 2869 409 2932 omnipotens
422 2871 497 2920 Deus
520 2885 569 2920 sua
593 2885 637 2920 me
663 2869 744 2920 bodie

97 2931 215 3004 ,iudicio
227 2931 403 3004 relabsoluat
416 2931 512 2995 objecti
536 2933 663 3005 criminis
683 2946 743 2982 sus·

98 2995 744 3118 alabandicattatt.'bittit

101 3119 221 3168 solenne
243 3123 291 3176 eat,
319 3119 455 3182 prefatus
481 3118 564 3169 verba
585 3119 742 3180 terribilia,

100 3180 204 3254 quibus
235 3179 324 3230 Deum
357 3194 445 3230 causae
476 3195 532 3230 sua
554 3182 744 3245 aequissimum

97 3243 235 3307 judicem.
248 3246 275 3292 et
286 3242 448 3292 innocentiae
460 3250 623 3294 assertorem
650 3243 744 3294 adesse

98 3305 290 3370 precabatur,
321 3309 430 3368 partem
457 3304 595 3354 Dominiei
619 3305 745 3369 Corporis

102 3367 221 3430 αιιιριι,
235 3371 261 3416 ιι
282 3365 406 3436 comedit,
433 3370 483 3416 etc.
514 3367 587 3419 Vide
609 3368 744 3419 eumdem

102 3429 364 3481 ann.1050.Eartiirt
385 3428 744 3492 inqultGlaberRodulph.

101 3491 154 3542 lib.
170 3493 195 3563 b.
211 3503 275 3556 cap.
288 3492 312 3541 1.
325 3467 440 3554 quicum
454 3499 547 3542 nostro
567 3498 621 3542 tem
641 3505 688 3542 ore
714 3489 746 3541 in

102 3553 237 3604 Clementi
264 3552 378 3614 babitu,
402 3552 471 3602 dum
492 3553 558 3616 jure
582 3505 746 3616 cuipas-etur

99 3615 226 3680 quadarn
240 3615 366 3673 crimine,
380 3615 495 3689 contiqit
506 3619 538 3665 ut
554 3623 675 3666 sumeret
691 3629 744 3665 au-

100 3679 199 3728 dacter
207 3677 319 3741 judicio
341 3678 479 3727 unamines
502 3677 606 3727 donum
635 3677 744 3728 Eucha-

97 3741 197 3798 ristiae,
212 3739 315 3790 Calicis
326 3739 452 3789 videlicet
468 3740 618 3803 sanquinis
626 3739 744 3789 Christi:

99 3803 148 3850 cui
157 3802 290 3865 protinus
300 3814 351 3864 per
361 3800 484 3852 medium
509 3800 632 3851 umbilici
652 3801 745 3865 epredi

98 3863 164 3913 sisu
173 3868 215 3937 est
226 3877 295 3928 pars
306 3863 505 3938 candidissima
521 3877 607 3927 quam
623 3876 743 3938 sumpse-

97 3925 525 4059 sterilitatium}
533 3927 649 4052 :altit
658 3925 745 4052 iat

94 4050 220 4114 pientia.
240 4049 543 4112 1llrcoveraconlitens,
569 4051 644 4114 quod
666 4051 746 4114 prius

98 4127 124 4162 n
161 4119 268 4170 averat,
282 4111 365 4176 diqna
374 4113 516 4176 poenituit.

139 4213 150 4224 .
166 4187 203 4225 οι
216 4186 310 4238 pauca
323 4174 381 4225 alia
394 4174 560 4226 istiusmodi
573 4186 623 4288 per
634 4175 746 4226 Eucha-

96 4237 225 4287 ristiam
259 4237 423 4298 urgstionls
435 4248 452 4287 a
465 4236 572 4298 Presby
587 4237 654 4300 eris,
682 4236 745 4287 Cle·

95 4299 189 4360 ricla,
202 4249 399 4349 asidonachls
408 4297 489 4350 inlisa
500 4298 632 4362 exempla
644 4309 746 4360 sugge-

96 4360 363 4425 runtseriptores:
380 4359 528 4423 inquibus
573 4373 612 4411 rai
635 4361 747 4412 caemrls

94 4421 224 4484 insigne
238 4422 396 4473 admodum
412 4426 466 4484 est,
494 4374 571 4486 quos
593 4434 627 4474 ex
656 4421 747 4473 Tabu-

92 4485 180 4536 lario
190 4485 406 4536 Flaviniaoensi
421 4485 599 4549 descripsere
615 4484 745 4535 Sirmon·

94 4548 162 4598 dus
195 4545 421 4598 ostconcilium
432 4547 573 4599 Remense
597 4557 666 4597 ιιι.
690 4547 747 4597 894.

91 4613 133 4661 et
150 4559 319 4660 ciiiilletius
333 4608 364 4659 in
376 4608 507 4660 Historia
525 4609 747 4660 Tronorehiensi

90 4683 174 4738 pag.
183 4670 241 4720 212.
257 4681 315 4732 quo
330 4670 486 4731 Gyriredus
504 4671 665 4722 Monachus
686 4670 748 4721 Fla-

90 4733 288 4784 viniacensis
305 4731 451 4795 objectum
464 4732 520 4784 slbi
535 4733 644 4784 crimen
662 4731 748 4783 caedis

89 4795 259 4856 Adalgarii
273 4795 409 4858 Episcopi
419 4794 584 4846 Heduensis
595 4795 624 4846 ln
634 4795 748 4906 anodo

142 4871 157 4908 r
171 4857 367 4908 Eucharistioe
378 4857 574 4922 sumptionem
589 4857 650 4908 dilu
663 4858 684 4913 t.
698 4855 748 4907 ubr

87 4871 170 4974 Reate
183 4918 346 4970 habentur:
365 4918 442 4978 Quod
456 4919 535 4969 tertio
549 4917 598 4968 sub
617 4917 748 4981 testifica·

87 4985 184 5035 tione
195 4979 227 5030 S.
238 4979 363 5043 Spiritus
372 4980 490 5032 clamari
498 4981 636 5044 jubentes,
646 4984 671 5030 et
679 4980 749 5029 nillil

80 5056 225 5112 prorsus
254 5042 403 5093 verisimile
427 5042 603 5107 reperientes,
628 5043 749 5093 sancive-

82 5111 178 5159 runt
189 5107 332 5155 communi
343 5105 465 5166 consilio,
479 5111 510 5156 ui
520 5105 588 5169 quia
611 5118 661 5154 noc
689 5119 749 5154 can-

81 5171 223 5230 vietum,
236 5181 287 5217 nec
300 5165 384 5218 etiam
398 5168 550 5231 confessum
574 5167 749 5229 experiebare

84 5237 275 5292 tur,tamen
299 5229 366 5291 quia
386 5229 561 5291 ventilatum,
584 5235 610 5280 et
632 5241 750 5292 usquam

81 5297 234 5346 locorum
254 5296 316 5340 erat
336 5291 529 5354 dimicatum,
556 5298 587 5341 ut
615 5291 648 5340 ab
674 5290 751 5340 mnni

79 5353 268 5466 serapidgne
275 5353 437 5465 ίξῖιιᾶιιιιιιιι
449 5353 618 5427 redderetur,
633 5351 666 5401 in
687 5352 750 5463 astei-

76 5431 216 5592 3553..
232 5429 458 5550 ttondit}
470 5428 751 5552 diffiditis&

75 5559 128 5598 ce
149 5541 271 5598 ebraret,
285 5539 412 5603 Corporis
424 5539 525 5590 Christi
544 5547 570 5590 ιι
596 5539 751 5602 Sanqusnss

794 629 871 679 nullo
885 631 964 680 inodo
977 629 1015 679 ad
1027 643 1110 679 sacra
1121 632 1257 681 sumenda
1271 633 1432 682 accederet:

794 695 821 741 et
832 692 856 740 si
869 691 941 754 sorte
950 693 1096 743 temerarie
1105 701 1291 757 praesumeret,
1313 707 1432 744 censura

794 752 1029 828 sanctiSpiritns‚
1056 759 1082 804 el
1105 757 1271 806 auctoritate
1294 757 1432 818 Apostolo-

794 829 857 866 rum
871 816 1014 880 Prancipis
1027 817 1062 866 ab
1074 817 1132 881 ipsa
1146 818 1252 880 vivifico
1271 819 1432 883 redemptio·

794 877 840 927 nis
853 883 953 928 nostrae
963 881 1052 942 pretia
1064 880 1181 930 extorris
1207 881 1296 943 fieret,
1321 886 1347 930 ei
1370 894 1432 930 cunt

793 939 868 990 Jada
883 940 997 990 Domini
1009 940 1149 1004 proditore
1155 943 1314 1016 damnatus,
1321 943 1432 994 aeternis

795 1003 1038 1053 irremediabiliter
1067 1004 1210 1067 suppliciis
1244 1005 1430 1055 addiceretur.

795 1062 847 1113 Sin
862 1078 924 1116 vero
935 1066 1089 1116 immunem
1099 1079 1126 1115 sa
1138 1081 1194 1116 esse
1225 1080 1256 1116 er
1267 1068 1361 1116 omnia
1372 1081 1432 1131 por-

793 1131 935 1187 noseeret‚
963 1129 1032 1190 fiens
1053 1127 1195 1178 misericor
1216 1128 1247 1178 ita
1275 1129 1333 1190 Dei,
1358 1129 1431 1179 tonti

794 1189 919 1239 muneris
931 1189 1036 1239 donum
1051 1191 1090 1240 ad
1103 1189 1203 1241 salutis
1212 1205 1267 1240 suae
1278 1193 1432 1242 remedium

793 1251 976 1301 saluberrime
1006 1253 1148 1315 percipere
1183 1266 1241 1302 non
1273 1254 1432 1318 diffideret:

792 1314 868 1426 quod
903 1314 1030 1363 omnibus
1061 1329 1258 1379 usquequaque
1277 1317 1346 1365 satis
1366 1316 1431 1379 fuit.

806 1377 883 1439 qitur
893 1377 993 1426 Pastor
1001 1376 1142 1440 piissimus
1165 1378 1354 1428 misericordia
1377 1393 1431 1428 ma·

793 1445 846 1501 tus,
861 1438 938 1488 illius
950 1452 1034 1488 carran
1046 1439 1123 1503 opud
1133 1439 1324 1490 blaviniacum
1337 1441 1431 1492 Coeno·

793 1499 868 1550 bium
909 1507 936 1550 et
973 1506 1095 1551 castrum
1128 1502 1270 1564 publicum
1302 1508 1431 1552 sanctam

793 1561 1431 1628 SqnadumpropriaeEcclesiaecolliqens,jnata

791 1630 899 1674 statuta
908 1625 1130 1688 supradictorum
1142 1627 1317 1686 Antisiitum,
1336 1628 1430 1677 Missa·

791 1701 855 1736 rum
869 1687 1002 1738 solenniis
1017 1687 1151 1747 deductis,
1166 1689 1293 1739 ouinibus
1300 1690 1331 1738 in
1342 1703 1431 1739 unum

792 1750 839 1813 qui
851 1748 1007 1821 adfuerein
1016 1751 1135 1812 primori
1158 1750 1281 1801 Ecclesia
1305 1751 1334 1802 S.
1353 1751 1431 1801 Petri

792 1812 932 1872 collectis,
959 1812 1022 1875 jorn
1064 1813 1242 1886 suprafatum
1265 1814 1431 1877 premonuit

792 1874 883 1923 virum
905 1881 936 1923 ιιι
948 1873 1080 1924 sicuttibi
1090 1875 1144 1938 apsi
1158 1877 1325 1926 canscientia
1341 1877 1431 1927 dicta·

791 1942 842 1996 ret,
857 1911 895 1984 aci
908 1949 989 1986 sacra
1004 1937 1151 1998 sumenda,
1171 1943 1219 1986 aut
1242 1937 1328 1988 etiarn
1353 1939 1430 2001 refu-

791 1998 896 2060 qienda
904 2012 1010 2062 quoquo
1025 2000 1104 2049 vellet
1117 2000 1197 2048 modo
1208 2000 1330 2062 seipsum
1337 2002 1430 2074 praeti-

791 2067 877 2123 peret.
889 2060 996 2124 Quique
1005 2059 1036 2109 in
1046 2061 1124 2111 nullo
1136 2061 1430 2124 baesitans,Deumsrbi

792 2128 818 2172 et
831 2122 922 2186 ipsum
935 2124 1009 2186 quod
1015 2129 1195 2186 percepturus
1204 2125 1430 2188 eratredemptio-

791 2185 836 2234 nis
847 2186 969 2248 pretium
981 2185 1012 2234 in
1023 2185 1210 2236 testimonium
1240 2193 1267 2236 et
1291 2187 1431 2251 judicium

792 2247 932 2308 invocans,
945 2247 1086 2309 fidissime,
1102 2247 1228 2298 omnibus
1242 2248 1274 2299 in
1283 2255 1431 2312 prospectu

790 2309 895 2372 positis,
922 2323 1037 2373 quaeque
1060 2322 1148 2372 supra
1185 2317 1286 2360 uerunt
1334 2311 1431 2374 raefiaa

791 2371 859 2420 votis
871 2371 999 2421 manibus
1025 2371 1140 2446 pereqit.
1201 2384 1236 2424 ox
1260 2327 1378 2425 additur
1398 2375 1429 2424 in

792 2435 976 2497 purgationis
1009 2435 1153 2496 eJusmodi
1197 2435 1283 2486 iidem
1327 2436 1429 2487 datum

793 2498 929 2546 accusato
941 2497 1181 2547 instrumentum.
1201 2497 1332 2548 Historia
1361 2499 1427 2548 Tre·

793 2569 897 2609 virens.
911 2569 976 2622 pag.
991 2559 1046 2609 245.
1067 2558 1102 2608 de
1148 2558 1253 2609 nodam
1277 2560 1430 2612 Sacerdote

792 2619 828 2671 de
844 2620 946 2671 haeresi
959 2623 1093 2684 suspecto
1107 2635 1113 2668 :
1127 2571 1233 2670 Contra
1245 2621 1292 2672 ille
1318 2622 1429 2684 timens,

792 2695 829 2732 ne
840 2681 1009 2746 Presbyterii
1020 2683 1182 2746 privaretur
1192 2684 1301 2744 bonore,
1317 2697 1431 2747 respon·

793 2745 834 2793 dit
848 2743 879 2793 ob
892 2744 976 2808 liujus
990 2745 1153 2807 suspicionis
1164 2746 1431 2797 notamabolendam

794 2806 911 2856 libenter
925 2806 993 2856 velle
1001 2819 1113 2855 summae
1119 2807 1332 2858 examinationis
1340 2808 1431 2858 subire

793 2869 966 2918 sententiam.
986 2867 1062 2928 Quod
1075 2869 1181 2918 dictum
1198 2883 1260 2920 cum
1280 2871 1431 2934 placuisset

792 2931 927 2992 amnibus,
936 2932 1082 2994 jussusest
1094 2931 1207 2981 Missam
1232 2932 1377 2996 celebrare,
1404 2936 1431 2982 ct

791 3007 903 3043 sacrum
918 2993 1066 3052 Canonm,
1083 2993 1130 3056 qui
1141 2993 1266 3057 Secreta,
1287 2995 1330 3046 vel
1353 2994 1431 3045 Actio

794 3055 905 3116 dieitur,
923 3056 995 3106 sicul
1007 3062 1112 3116 catera,
1125 3057 1232 3106 encelsa
1246 3071 1307 3107 voce
1330 3058 1430 3107 decon-

793 3124 864 3178 tare,
877 3122 909 3166 ut
922 3119 971 3190 qui
980 3118 1110 3181 mysterio
1121 3118 1234 3181 pretiosi
1253 3118 1381 3183 Corporis
1405 3123 1431 3170 et

794 3179 949 3244 Sanquints
975 3181 1076 3230 Christi
1097 3181 1316 3244 praesumpsisset
1337 3182 1431 3232 detra·

794 3242 867 3302 bere,
882 3243 969 3305 ipsius
978 3243 1145 3306 probaretur
1159 3243 1267 3294 uirtute.
1280 3244 1365 3294 Missa
1376 3244 1431 3293 ita-

794 3319 845 3368 que
853 3303 970 3354 decursa
988 3304 1035 3354 ubi
1047 3305 1085 3354 od
1096 3305 1358 3356 communicandum
1371 3320 1432 3370 par-

794 3371 907 3416 ventum
914 3341 1211 3440 estsspiseopvsverba
1225 3368 1433 3442 imprecationis

793 3427 952 3491 hujusmodi
963 3429 1067 3487 intulit,
1101 3430 1212 3479 dicens:
1241 3429 1273 3480 St
1295 3431 1432 3494 vivificum

794 3490 954 3540 boosalutis
980 3497 1080 3541 nostrae
1109 3490 1333 3556 Sacramentum,
1359 3493 1432 3557 quad

793 3553 923 3602 manibus
937 3559 1022 3615 tenea,
1033 3567 1092 3602 nan
1102 3567 1165 3602 vere
1177 3552 1283 3617 Carpus
1293 3555 1394 3606 Christi
1407 3561 1432 3606 ιι

795 3614 1432 3681 Sanquinemessaauauaesimpiaoreqarrire,

795 3691 857 3725 cum
869 3676 951 3726 istius
965 3678 1433 3741 mysteriicontestationeinterdico

794 3739 982 3802 quoquomodo
994 3753 1146 3801 praesumas
1167 3740 1302 3804 accipere:
1325 3742 1433 3792 sivero

794 3813 852 3850 non
868 3799 918 3864 ita,
931 3801 980 3850 aed
993 3800 1130 3851 Catholice
1140 3801 1288 3864 profiteris,
1299 3804 1432 3866 aceipe,et

794 3862 907 3926 accepit.
929 3862 1124 3912 Verumtamen
1145 3863 1267 3926 qualiter
1293 3865 1367 3914 idem
1389 3880 1430 3916 re·

795 3924 961 3987 demptionis
972 3938 1074 3974 munus
1095 3925 1133 3974 ad
1157 3925 1368 3976 damnationem
1389 3928 1433 3976 sui

796 3987 826 4036 in
833 4001 861 4036 as
868 3986 1078 4048 ejusintravorit
1088 3987 1434 4051 refemesupervacaneum

795 4048 999 4113 nonjudicari.
1016 4049 1083 4098 Cum
1095 4050 1168 4098 enim
1180 4053 1248 4100 esset
1270 4050 1302 4100 in
1327 4053 1433 4102 anami-

795 4111 919 4162 natianis
940 4111 1082 4161 ansietate
1104 4111 1287 4174 constitutus,
1312 4113 1434 4176 omnipo·

796 4174 866 4224 tenti
892 4173 948 4223 Deo
973 4173 1007 4223 de
1025 4173 1154 4223 admissis
1176 4175 1376 4238 poenitentiam,
1399 4176 1434 4226 de

795 4235 901 4299 suturis
911 4236 1067 4285 custodiam
1078 4236 1221 4300 pollicens,
1231 4238 1311 4288 eorde
1320 4239 1434 4288 contrita

795 4297 970 4361 supplicavit,
985 4304 1011 4348 et
1019 4297 1141 4348 obtinuit
1152 4299 1187 4348 ab
1201 4300 1319 4349 instanti
1337 4301 1433 4362 consu·

796 4361 872 4410 dane
881 4360 1003 4410 liberari.
1016 4362 1103 4411 Aliud
1116 4362 1280 4425 exemplum
1289 4361 1433 4424 ejusmodi

800 4422 900 4473 'udicil
912 4434 963 4486 per
975 4434 1087 4473 sacram
1098 4423 1314 4476 Eucharistlam
1324 4426 1392 4476 initi
1403 4425 1434 4475 in

795 4437 960 4536 imbricone
975 4486 1152 4546 augustensi
1167 4487 1309 4550 Episcopo
1331 4488 1436 4538 recitat

798 4547 972 4598 Bertholdus
1001 4547 1236 4599 constansiensis
1265 4561 1334 4601 ann.
1364 4549 1434 4600 1077.

799 4608 948 4660 praedietis
964 4608 1088 4671 denique
1119 4608 1284 4662 addendum
1321 4611 1436 4662 videtur

797 4669 996 4783 qxrlrodhabent
1021 4671 1113 4731 Leges
1134 4671 1217 4722 Hoell
1243 4673 1315 4723 Boni
1348 4674 1436 4734 Regis

836 4732 956 4784 alliaeea
979 4733 1152 4784 ,25ι1ιι1ι
1181 4735 1378 4786 sacramentis
1407 4737 1436 4786 et

796 4795 948 4857 jurejuran
970 4805 1004 4844 o:
1030 4793 1065 4844 In
1089 4795 1145 4844 alio
1169 4809 1235 4846 casu
1256 4809 1353 4853 navem
1378 4796 1437 4846 dies

798 4857 907 4906 dantur
917 4855 1034 4906 Domino
1044 4856 1082 4905 ud
1098 4858 1357 4907 connumerandum
1370 4871 1436 4922 qua·

800 4919 862 4968 liter
874 4919 1071 4981 juramentum
1093 4917 1270 4982 praestiterit:
1294 4919 1438 4970 Sacerdoti

799 4995 861 5032 varo
875 4978 913 5030 ad
926 4980 999 5030 idem
1024 4981 1130 5031 dantur
1150 4981 1270 5030 induciae
1289 4995 1377 5045 usqne
1399 4982 1437 5032 ad

800 5046 907 5106 tempus
922 5057 974 5154 gua
984 5043 1069 5106 possit
1086 5042 1202 5092 Missam
1215 5043 1360 5094 celebrare.

830 5104 922 5155 Fater
946 5108 1102 5156 umiamen
1116 5116 1173 5156 non
1196 5106 1269 5169 ipsis
1294 5106 1438 5157 duntaxat

801 5165 1004 5218 Sacerdotibus
1019 5167 1166 5231 propriam
1180 5168 1271 5220 inisse
1293 5168 1437 5230 ejusmodi

800 5240 850 5294 per
873 5228 1003 5279 divinam
1036 5229 1251 5281 Eucharistiam
1291 5230 1438 5294 purgatio·

800 5303 866 5342 nem
879 5305 885 5339 :
899 5301 965 5341 cum
979 5290 1054 5342 hano
1066 5289 1102 5341 ab
1122 5291 1236 5342 Eulalia
1264 5292 1437 5344 arvernensi

800 5353 921 5413 comite,
944 5363 961 5402 a
985 5365 1042 5414 quo
1062 5355 1184 5404 matrem
1205 5352 1377 5406 suilocatam
1403 5365 1437 5405 ae

800 5415 1015 5475 strangulatam
1030 5416 1109 5465 fama
1119 5417 1183 5466 erat
1202 5418 1329 5477 exegerit
1341 5416 1437 5468 canti-

801 5476 997 5539 nusejusdem
1012 5476 1141 5527 civitatis
1165 5451 1336 5589 Episcopus,
1360 5490 1377 5528 a
1399 5477 1438 5529 ud

802 5539 972 5600 Gregorium
988 5538 1095 5589 Toron.
1106 5537 1156 5588 lib.
1174 5539 1187 5590 1
1207 5551 1286 5604 ,ιιι
1315 5541 1339 5590 8.
1389 5550 1437 5590 um

73 5607 157 5659 illo
171 5602 313 5660 minine,
324 5603 396 5674 quod
408 5603 497 5652 salum
515 5601 605 5653 verius
618 5600 752 5664 probatur
800 5603 879 5653 euim
890 5599 926 5652 ad
935 5601 1211 5651 communicandum
1222 5604 1341 5653 venium
1351 5603 1437 5674 esset,

71 5678 119 5724 ee
139 5663 310 5727 terribilius,
320 5676 405 5715 immo
416 5664 554 5716 salubrius
575 5664 706 5726 creditur,
733 5676 752 5712 o
801 5666 831 5715 et
853 5663 986 5714 Eulallus
1009 5661 1045 5713 ad
1074 5663 1165 5714 altare
1191 5665 1370 5722 accessisset,
1397 5669 1437 5712 ast

1482 633 1513 681 in
1524 632 1576 682 Dei
1589 635 1637 683 lrac
1647 639 1673 682 et
1684 633 1763 683 Beati
1771 633 1906 698 Martyris
1916 634 2028 686 iuliani
2033 643 2124 690 statuo

1478 694 1593 755 judicio.
1612 695 1650 745 Tu
1659 709 1722 745 vero
1731 696 1756 744 si
1768 697 1883 746 idoneus
1897 711 1938 760 es,
1965 704 1996 748 nt
2008 699 2124 762 adseris,

1482 757 1580 806 accede
1590 758 1713 820 propius,
1729 763 1755 808 et
1768 771 1843 808 sume
1863 759 1913 808 tibi
1939 761 2123 812 Eucharistiae

1479 819 1659 882 particulam,
1673 827 1757 884 atque
1780 821 1890 884 impons
1915 823 1957 871 ari
1982 831 2037 874 tuo.
2057 824 2124 875 Erit

1481 880 1554 931 Deus
1575 882 1621 931 ins
1641 887 1713 932 ector
1732 885 1905 934 conscientiae
1926 892 1988 936 tum.
2014 887 2052 937 dt
2076 888 2124 939 ille

1482 949 1594 1006 occepta
1646 944 1801 994 ucbaristia
1834 949 2040 997 communicans
2073 949 2123 1000 ab·

1482 1006 1584 1058 acessit.
1599 1006 1739 1057 Eamdem
1753 1009 1848 1068 legem
1858 1009 1928 1059 ollm
1946 1013 2123 1076 prescripsit

1482 1068 1628 1118 Adrianus
1641 1069 1696 1118 ΡΡ.
1709 1069 1847 1120 Lotharlo
1874 1071 1946 1132 Regi
1969 1072 2121 1125 Lotharin·

1483 1131 1545 1191 gia.
1562 1130 1725 1182 chronicon
1747 1132 1883 1183 Reichers
1905 1135 2035 1194 argensis
2060 1136 2121 1187 Mo·

1482 1193 1602 1243 nasterii
1631 1205 1698 1243 ιιι.
1725 1193 1788 1244 870:
1829 1145 1977 1245 Latiarius
2007 1196 2067 1248 Rea
2087 1197 2121 1248 ab

1481 1254 1607 1303 Adriano
1619 1261 1730 1304 vocatus
1748 1255 1864 1308 aonam
1877 1259 1962 1318 venit,
1986 1259 2034 1321 qui
2059 1273 2121 1309 cum

1482 1317 1515 1366 ab
1531 1317 1624 1366 eodem
1636 1317 1758 1368 Praesule
1773 1317 2002 1382 interreperetur.
2026 1322 2050 1370 si
2067 1336 2122 1372 mo·

1481 1379 1543 1428 nita
1550 1379 1758 1442 predecessoris
1771 1380 1815 1429 sui
1829 1381 1937 1430 Nicolai
1952 1382 2008 1432 ΡΡ.
2033 1384 2122 1435 baeto-

1480 1454 1535 1490 nus
1556 1441 1730 1504 observasset,
1755 1447 1782 1492 et
1801 1442 2008 1516 jusjurandum
2033 1451 2120 1496 custa-

1481 1504 1584 1562 diaset,
1624 1511 1650 1554 et
1688 1505 1735 1554 ille
1766 1509 1921 1564 mentitus,
1956 1507 2052 1557 omnia
2093 1521 2122 1558 se

1481 1565 1637 1615 observasse
1661 1566 1863 1630 respondisset:
1889 1571 1915 1617 et
1940 1568 2070 1619 Proceres
2095 1577 2122 1621 et

1483 1626 1634 1691 optimates
1651 1629 1772 1691 quicum
1799 1643 1830 1678 eo
1855 1637 1998 1694 venerant,
2024 1632 2121 1682 eadem

1481 1689 1706 1754 testificarentur,
1723 1704 1774 1740 nec
1795 1691 1856 1740 ullo
1874 1705 1994 1754 persana
2017 1693 2121 1744 inveni-

1480 1758 1559 1801 retur
1571 1785 1579 1811 ,
1603 1765 1664 1814 qua
1693 1759 1790 1802 contro
1827 1753 1927 1817 Reqem
1967 1756 2120 1820 lepitimum

1480 1813 1596 1864 auderet
1633 1817 1775 1864 certamen
1809 1816 1883 1866 inira
1913 1819 2118 1868 controversiae:

1481 1876 1623 1926 Adrianus
1633 1875 1690 1926 ΡΡ.
1702 1877 1778 1926 dedit
1790 1877 1869 1940 chi,
1877 1885 1903 1928 et
1911 1879 2120 1930 omnibuscons-

1480 1939 1539 1998 ciis,
1554 1938 1602 2001 qui
1617 1939 1792 2002 accedebant,
1808 1940 2027 1992 communionem
2055 1941 2119 1992 Cor·

1478 1999 1554 2064 poris
1568 2005 1595 2050 et
1616 1999 1770 2062 Sanquinii
1793 2001 1908 2051 Domini
1930 2003 1965 2054 de
1990 2004 2121 2054 manibus

1480 2063 1538 2112 suis
1551 2061 1590 2111 ad
1601 2062 1749 2112 Missurum
1761 2063 1895 2114 solemnia
1905 2079 1914 2112 :
1925 2066 1966 2114 ita
1982 2073 2013 2115 ut
2023 2067 2047 2116 si
2056 2081 2120 2117 vera

1479 2128 1570 2175 essent
1584 2139 1644 2188 qua
1654 2125 1707 2188 ipsi
1720 2126 1860 2188 testificati
1886 2126 2013 2190 fuerant,
2037 2129 2120 2192 proli·

1480 2193 1554 2238 caret
1566 2187 1605 2236 eie
1617 2188 1648 2236 in
1663 2187 1748 2238 vitam
1760 2193 1902 2239 atmnam.
1917 2189 1961 2238 lta
1973 2190 2120 2241 Lotbarius

1480 2249 1569 2299 Roma
1583 2262 1707 2312 opressus
1718 2249 1810 2300 morbo
1822 2252 1981 2314 corripitur,
2009 2259 2034 2302 el
2056 2252 2120 2304 Plo·

1480 2311 1602 2361 centiam
1614 2312 1751 2361 civitatem
1757 2313 1929 2374 perveniens,
1938 2313 2011 2364 diem
2019 2315 2120 2365 clausit

1480 2374 1667 2424 extramuros.
1680 2373 1718 2424 id.
1734 2375 1806 2436 Artq.
1837 2374 1936 2425 Omnes
1959 2376 2042 2426 etiam
2066 2376 2119 2450 sui,

1481 2435 1528 2499 qui
1541 2449 1613 2485 ausu
1621 2436 1767 2486 terrierario
1781 2437 1999 2487 communionem
2011 2438 2058 2488 sub
2068 2439 2120 2489 tals

1480 2498 1677 2548 contestatione
1685 2505 1844 2562 porrectam
1856 2513 1963 2550 sumere
1970 2515 2120 2565 praeump-

1480 2565 1587 2622 serunt,
1600 2559 1695 2609 divino
1713 2561 1820 2624 judicio
1843 2563 1976 2624 percussi,
2009 2563 2042 2612 ab
2068 2564 2120 2613 bac

1481 2623 1540 2672 luce
1550 2622 1943 2688 substractisunt,antequam
1952 2623 2120 2688 subsequens

1480 2685 1552 2734 anni
1565 2684 1668 2734 rediret
1679 2685 1860 2748 principium.
1874 2687 1983 2738 Eadem
1996 2689 2118 2740 narrant

1480 2747 1608 2798 Annales
1617 2747 1796 2800 Francorum
1806 2749 1958 2811 MetenseS,
1970 2751 2000 2801 et
2008 2750 2119 2812 Regino

1481 2821 1548 2860 ann.
1561 2809 1617 2860 869.
1634 2809 1821 2860 Florentinus
1837 2811 2047 2872 wigornam.
2061 2811 2116 2862 870.

1480 2873 1510 2922 et
1521 2870 1694 2934 Radulphus
1708 2872 1743 2923 de
1760 2873 1861 2924 Diceto
1878 2884 1946 2924 ann.
1959 2873 2013 2924 872.

1512 2933 1607 2984 Simili
1619 2933 1728 3006 pariter
1742 2934 1806 2995 lege
1825 2933 2006 2996 obstringere
2020 2934 2119 2988 volue-

1481 2997 1527 3046 rat
1539 2995 1699 3046 Heurloum
1712 2997 1785 3059 Imp.
1800 2996 1955 3058 Gregorius
1977 2997 2040 3048 VII.
2062 2997 2117 3050 ΡΡ.

1480 3056 1557 3120 quod
1569 3057 1619 3108 ille
1631 3057 1737 3120 renuti,
1754 3060 1937 3110 consolencla
1950 3071 2003 3110 sua
2018 3059 2117 3122 prohi-

1482 3119 1569 3176 bitus,
1589 3119 1632 3170 uti
1647 3117 1736 3171 habet
1751 3119 1934 3171 Sohainabur
1955 3121 2034 3172 ensis
2046 3133 2115 3172 ann.

1481 3181 1551 3232 ltili.
1567 3181 1702 3232 Meminit
1725 3183 1864 3245 praeterea
1891 3133 2061 3244 erigandus
2086 3185 2118 3234 in

1482 3243 1549 3294 Vita
1561 3243 1678 3295 Roberti
1691 3244 1779 3305 Regis
1793 3245 1896 3296 Frano.
1909 3245 1934 3318 ι]
1940 3246 2052 3297 asmodi
2068 3257 2119 3308 per

1482 3307 1699 3356 Eucharistiam
1725 3307 1970 3368 examinatione,
2009 3308 2120 3359 formu·

1483 3369 1598 3440 lamque
1626 3367 1755 3419 indicat:
1784 3369 1901 3418 Prasnli
1938 3368 2051 3419 cuidam
2086 3370 2120 3420 dc

1480 3429 1747 3480 Domvnononbene
1769 3429 1909 3488 sentienti,
1939 3438 1965 3480 et
1986 3431 2122 3494 quaerenti

1481 3491 1707 3555 proquibusdam
1720 3493 1812 3542 causis
1824 3492 2012 3555 probationem
2024 3493 2056 3542 in
2067 3507 2123 3543 ear·

1479 3568 1548 3618 pora
1561 3552 1674 3603 Domini
1684 3559 1773 3604 nostra
1787 3554 1852 3604 Jeau
1869 3555 1981 3618 Christi,
2005 3555 2122 3620 indique

1483 3616 1547 3666 tulit
1559 3615 1646 3666 Rea...
1662 3621 1688 3666 et
1701 3615 1811 3678 scripsit
1825 3617 1850 3666 ei
1862 3616 1894 3666 in
1908 3618 1950 3667 iris
1968 3618 2078 3667 verbis:

1483 3678 1568 3728 Miror
1579 3691 1636 3741 qua
1645 3677 1755 3728 ratione
1766 3677 1907 3742 quesieris
1917 3692 1969 3741 pro
1984 3681 2041 3730 tuis
2065 3679 2122 3728 ini-

1482 3740 1623 3804 quissimis
1637 3740 1772 3802 imperiis,
1788 3747 1815 3790 ιι
1828 3755 1878 3804 pro
1892 3741 2025 3804 infestato
2050 3741 2121 3801 adio,

1481 3801 1553 3866 quad
1564 3815 1631 3866 erqo
1644 3801 1695 3852 Dei
1706 3816 1795 3853 servos
1818 3803 1909 3862 habea
1938 3803 2124 3852 conminatio-

1483 3879 1547 3915 nem
1563 3865 1595 3913 in
1607 3865 1760 3928 Corporeat
1781 3863 1928 3928 Sanquine
1951 3863 2073 3926 Domini,
2097 3869 2124 3914 et

1483 3941 1546 3976 eum
1555 3927 1603 3976 boc
1614 3927 1650 3975 sit
1662 3927 1735 3988 quod
1747 3940 1765 3975 a
1777 3927 1864 3976 dante
1879 3926 2025 3976 Sacerdote
2050 3925 2124 3977 dici-

1484 3995 1539 4048 tur,
1553 3988 1658 4051 Carpus
1668 3989 1781 4037 Domini
1795 3988 1883 4038 nostri
1893 3987 2074 4038 lesu-Cbriati
2086 3989 2123 4038 sit

1484 4051 1534 4100 tibi
1543 4050 1619 4100 salus
1631 4050 1734 4099 animae
1748 4056 1774 4099 et
1783 4051 1912 4123 corporis,
1926 4064 1977 4099 cur
1997 4057 2027 4100 tu
2043 4057 2124 4102 teme·

1483 4113 1653 4162 rarioareet
1677 4112 1783 4175 polluto
1806 4112 1893 4173 dicas,
1917 4111 1942 4161 si
1966 4112 2068 4176 clipnua
2096 4127 2124 4164 es

1483 4175 1594 4238 accipe,
1632 4187 1695 4223 cum
1729 4172 1766 4223 sit
1792 4174 1887 4224 nullus
1911 4173 1960 4238 qui
1986 4173 2125 4225 habeatur

1484 4237 1585 4300 diqnus
1595 4236 1609 4285 9
1621 4249 1669 4284 cur
1679 4235 1824 4286 divinitati
1835 4235 1964 4286 attribuis
1982 4250 2125 4287 erumnas

1484 4298 1613 4362 corporis,
1627 4301 1652 4348 ιι
1663 4296 1807 4359 infernum
1817 4298 1918 4348 doloris
1932 4299 2051 4350 bomani
2081 4300 2125 4350 di-

1485 4361 1554 4412 vinae
1566 4360 1704 4410 connectis
1718 4361 1850 4410 naturaei
1871 4361 1951 4412 aude
1972 4361 2124 4414 Albesium

1486 4423 1656 4474 stadensem
1691 4435 1760 4474 ann.
1792 4423 1862 4474 1224.
1892 4426 1921 4475 ιι
1946 4424 2122 4477 Guibertum

1486 4484 1536 4536 lib.
1551 4483 1576 4535 8.
1590 4485 1625 4536 de
1641 4484 1706 4536 Vlia
1719 4497 1773 4536 sua
1783 4497 1846 4550 cap.
1859 4485 1899 4538 18.

1517 4547 1690 4609 Priusquam
1705 4549 1804 4599 autem
1829 4549 1895 4610 quis
1922 4548 2127 4599 admItteretur

1487 4610 1524 4661 ad
1541 4609 1685 4671 ejusmodi
1700 4611 1921 4722 tpurgationem,
1941 4609 2125 4667 tenebantur,

1486 4673 1698 4722 sacramentoa
1734 4675 1838 4724 sancta
1853 4672 2012 4731 Evangelia
2037 4679 2126 4733 praes·

1486 4734 1540 4785 tito
1555 4734 1647 4797 prius,
1662 4744 1693 4784 se
1707 4735 1794 4798 eulpa
1811 4745 1923 4784 exuere.
1941 4733 1968 4782 S.
1983 4732 2040 4782 Leo
2056 4731 2124 4803 ,PR

1489 4797 1541 4846 aut
1560 4796 1625 4857 quis
1638 4795 1723 4852 allus,
1738 4808 1772 4847 ex
1785 4796 1859 4846 Ma:
1872 4793 2017 4843 statutum
2033 4797 2082 4847 art.
2093 4797 2126 4840 ut

1485 4871 1537 4922 per
1554 4862 1675 4919 quatuor
1700 4863 1799 4906 sancta
1821 4854 1976 4918 Evanqelia
2001 4857 2126 4913 testetur,

1505 4917 1535 4969 ui
1556 4933 1650 4969 verum
1673 4917 1765 4968 dicere
1793 4917 1946 4980 probatur,
1973 4919 2125 4979 antequam

1486 4935 1683 5041 Communicet,
1697 4985 1724 5030 et
1736 4980 1837 5030 deinde
1847 4977 2126 5041 subjudieisslamma

1486 5044 1673 5106 relinquatur.
1717 5041 1789 5093 Vide
1820 5040 1936 5092 indicia
1981 5039 2125 5090 Willrredi

1487 5107 1575 5168 Regis
1590 5105 1772 5156 cantuarios.
1787 5114 1821 5153 oa
1844 5141 1849 5152 .
1862 5102 1902 5152 23.

1516 5168 1533 5203 0
1547 5163 1813 5222 bucnaisl'lalh
1823 5115 1883 5214 itas
1897 5163 1927 5213 ln
1939 5175 1995 5224 quo
2008 5161 2126 5214 Eucha-

1487 5229 1571 5280 ristia
1594 5231 1779 5284 asservatur,
1802 5227 1833 5276 in
1860 5225 1968 5276 Pontii.
1993 5225 2126 5284 Mogunt.

1488 5293 1542 5342 Ms.
1555 5289 1603 5341 fol.
1624 5291 1677 5341 110.
1694 5299 1731 5338 ιι.
1746 5287 1952 5338 Ειιιιιιιίιιιιιι
1975 5286 2125 5347 roscidum,

1488 5355 1518 5404 in
1528 5353 1618 5404 altero
1630 5351 1836 5412 antiquissimo
1847 5349 1954 5401 Pontii.
1971 5348 2128 5399 Videinira

1487 5415 1572 5465 Missa
1584 5411 1807 5462 Eracbaristiolis.

1522 5474 1536 5538 i
1561 5473 1726 5533 EliclIEIAE,
1751 5474 1794 5525 vel
1822 5475 1992 5535 Encmrm,
2019 5470 2127 5523 Grecis

1487 5533 1610 5604 Εὐχῆται,
1626 5538 1759 5587 Οιιιιιι.
1773 5536 1820 5588 Sic
1834 5537 1904 5587 disti
1921 5535 1990 5586 sunt
2007 5535 2126 5600 quidam

1488 5600 1625 5658 haretici,
1647 5600 1698 5661 qui
1718 5599 1796 5650 solas
1814 5610 1912 5662 preces
1936 5596 1973 5647 ad
2000 5598 2127 5648 salutem

1490 5663 1563 5714 satis
1575 5672 1638 5713 esse
1650 5659 1845 5712 somniabant.
1858 5661 1899 5711 De
1915 5659 1961 5711 his
1984 5658 2128 5724 Epiphan.

1933 5723 1972 5785 la
