4856 6150
410 350 476 416 ult

98 518 140 568 dit
153 516 278 579 berault,
288 517 321 580 is
331 529 398 566 cous
408 514 558 580 repondit
574 529 603 568 ce
616 531 668 580 ραν
684 516 743 566 alic-

98 588 147 642 tes,
161 593 214 644 ραν
237 593 275 630 en
292 592 416 630 aucuncs
440 592 483 627 res
503 592 584 628 onces
602 593 658 642 ραν
681 592 743 642 moy

98 644 197 706 {aictes
222 641 242 692 b
270 655 317 691 ros
341 641 470 691 ambasia
491 653 555 690 eure
575 645 601 690 et
626 639 745 692 terrula

98 703 689 816 atttritititillatum
700 717 744 815 ’l‘

99 830 207 888 accuse,
218 837 274 892 ραν
293 829 325 894 je
350 829 416 892 n'ay
431 827 538 892 jamnis
562 803 612 878 aba
633 780 744 878 icraol'i

99 898 201 942 cenant
229 891 265 941 de
285 893 374 940 vostre
393 895 470 955 part,
494 891 575 940 sinon
596 891 678 940 cellui
695 890 745 954 qui

98 953 158 1003 sint
174 955 194 1004 d
212 953 337 1016 Bourpos
350 966 395 1003 mc
406 952 521 1002 intimer
541 953 570 1001 la
588 966 687 1016 ρανννν
696 966 708 1013 ,·
718 957 745 1003 et

98 1022 186 1088 ραανα
202 1015 306 1080 ἀνανρ,
317 1029 427 1065 nereus
440 1021 531 1078 ayant
543 1028 578 1065 cn
588 1015 649 1064 sien
659 1015 743 1080 suilli,

94 1094 125 1142 ρν
138 1077 201 1128 n'ai
222 1079 276 1127 nul
292 1077 405 1127 mestier
422 1078 457 1128 cie
470 1090 513 1128 me
528 1089 659 1138 eamtser;
672 1079 745 1127 rnais

98 1147 188 1190 contre
201 1139 293 1202 faulte
314 1145 354 1189 est
366 1140 432 1190 celle
450 1153 503 1204 ραν
519 1153 585 1188 vous
596 1153 701 1198 accuse,
718 1145 745 1190 et

99 1217 134 1253 en
160 1216 191 1252 ce
212 1215 267 1266 ραν
287 1200 372 1251 dictes
395 1214 448 1265 ραν
466 1199 674 1265 j'avopeoostre
687 1203 744 1266 foy,

98 1265 159 1314 αναί
173 1273 225 1327 est,
239 1264 396 1314 entendant
409 1265 444 1314 de
458 1264 524 1313 celle
542 1277 595 1327 ραν
605 1278 670 1313 vous
682 1279 745 1314 arez

99 1327 195 1376 donni
204 1341 261 1390 ραν
272 1327 297 1376 le
310 1326 410 1376 traicit
419 1325 455 1376 de
466 1325 664 1384 Madril,solon
675 1327 743 1390 qu'il

99 1395 205 1452 appari
218 1401 276 1453 par
289 1389 456 1452 ascriptures
477 1388 583 1451 α’ραένν
604 1389 637 1439 de
658 1395 745 1438 uostre

98 1451 189 1512 main,
202 1464 259 1513 ραν
275 1451 463 1500 retourneriez
480 1464 516 1501 en
532 1463 581 1498 ma
596 1452 745 1513 puissance

99 1527 203 1562 comme
215 1511 378 1575 parantes
386 1513 420 1562 de
431 1513 519 1563 banne
532 1526 641 1576 puerrc,
653 1526 689 1563 en
698 1527 746 1562 aas

98 1589 152 1640 ραν
161 1575 395 1638 n'acconrplissiet
406 1589 436 1625 ce
444 1589 496 1638 que
504 1589 560 1648 ραν
570 1575 637 1624 ledit
647 1574 746 1626 traictb

98 1640 202 1688 m'aoez
215 1635 342 1701 promis:
355 1637 486 1700 meisque
494 1636 629 1700 J'apcdit,
643 1651 745 1688 comme

98 1699 178 1749 audit
192 1699 283 1750 cartel
297 1699 394 1760 dictes,
408 1713 461 1764 ραν
470 1713 521 1748 ναν
532 1699 608 1750 icelle
619 1702 646 1750 et
657 1701 746 1751 oultre

98 1769 188 1812 eostre
200 1775 342 1825 promeres
355 1775 420 1812 αναν
440 1763 521 1812 esties
535 1761 591 1811 alli
613 1769 638 1811 et
659 1764 745 1825 party

99 1826 204 1875 demes
218 1824 313 1873 mains
327 1825 400 1874 etde
413 1837 460 1873 ma
473 1824 632 1887 puissance‚
644 1837 674 1874 ce
683 1828 745 1874 sont

98 1893 167 1936 motr
179 1899 236 1950 ραν
245 1900 365 1948 οανρανν
378 1901 414 1937 αν
426 1885 471 1934 diz
477 1899 488 1946 ,¹
504 1899 553 1936 car
560 1886 667 1950 jamnis
678 1887 745 1950 αἀρ

96 1948 238 2013 petendu
248 1949 354 1998 d'oooir
364 1954 452 1999 vostre
461 1949 508 2013 fay
521 1949 555 1998 de
566 1961 623 1997 non
638 1949 744 2010 partir:

99 2011 171 2060 mais
183 2011 250 2060 bien
263 2011 330 2060 aelle
342 2011 376 2060 de
394 2016 539 2060 retourner
553 2024 589 2060 ea
610 2011 639 2059 la
657 2010 746 2074 forme

99 2073 215 2122 trarctee
222 2087 233 2132 ,·
245 2078 273 2122 et
285 2071 330 2122 s'il
344 2072 466 2124 i'eussiea
481 2072 557 2122 ainsi
578 2073 641 2134 fait,
654 2073 745 2122 n'eus·

98 2135 151 2185 sies
164 2135 252 2198 sailly
275 2135 293 2184 d
314 2149 359 2186 aas
376 2135 478 2198 enfans
493 2137 564 2199 upa
583 2135 697 2200 l'acquit
710 2135 745 2186 de

99 2202 187 2246 eostre
200 2197 350 2247 Ιιοααναν.ι
362 2202 388 2248 et
400 2197 417 2246 ὰ
428 2211 457 2247 ce
471 2211 524 2261 ραν
538 2211 591 2260 ραν
607 2211 680 2260 pour
698 2197 744 2248 dc*-

98 2259 199 2322 sendre
213 2259 346 2310 vostr-edit
360 2260 495 2323 honneur,
509 2260 599 2322 lequel
610 2273 646 2310 en
656 2273 686 2309 ce
699 2274 746 2310 cas

99 2322 181 2372 serait
193 2327 223 2370 tr
272 2321 374 2386 charae*
385 2329 480 2372 contre
492 2322 589 2380 ueriti,
600 2335 666 2370 cous
682 2335 746 2372 ares

99 2383 162 2433 bien
179 2334 265 2433 aalma
286 2397 404 2448 envoper
419 2390 506 2434 nostre
525 2384 620 2446 cartel,
633 2397 689 2448 par
712 2385 746 2434 le·

100 2445 162 2510 quel
175 2446 267 2496 dictes
305 2460 341 2496 αν
359 2446 478 2496 encoires
497 2459 549 2509 ραν
571 2450 630 2495 tout
641 2447 747 2498 homme

98 2507 187 2572 pardi
198 2521 237 2557 ne
245 2460 342 2571 pquse
355 2509 434 2558 avoir
443 2507 594 2571 oblipotion
609 2509 643 2558 de
651 2509 707 2574 foy,
720 2513 746 2560 et

100 2584 152 2634 ραν
165 2570 229 2620 cela
244 2584 311 2619 vous
321 2570 381 2634 fuet
392 2584 488 2620 νανανν
500 2583 576 2620 assez
590 2571 745 2634 suffisante,

99 2647 128 2682 ce
139 2631 315 2682 nonobslam
334 2632 472 2682 ueuiliant
492 2631 636 2694 satisfaire
657 2633 745 2697 ᾰααρ

99 2696 223 2744 cirascsm
249 2701 277 2744 et
301 2695 320 2743 ἀ
345 2695 475 2745 uostredit
498 2695 634 2755 honneur,
658 2696 747 2758 lequel

100 2757 187 2807 dictes
208 2755 318 2805 uouloir
331 2758 434 2820 parlier
453 2761 479 2807 ct
498 2771 551 2820 ραν
569 2757 708 2820 perderet,
723 2757 747 2807 si

100 2815 169 2868 Dieu
178 2817 283 2882 ploitt,
293 2819 440 2882 quuesb
458 2820 486 2868 la
499 2825 579 2880 mort,
591 2833 634 2870 me
650 2820 747 2882 saletas

98 2881 239 2932 catenare
262 2895 315 2944 ραν
338 2881 363 2930 si
380 2895 446 2932 rous
464 2894 501 2944 up
522 2882 604 2932 oculu
617 2895 653 2930 ou
667 2881 748 2932 ucula

99 2943 229 3008 cbarper,
248 2955 309 2992 nan
329 2956 383 3006 ραν
406 2943 440 2993 de
457 2949 545 2993 vostre
569 2943 615 3008 foy
636 2950 662 2994 et
681 2944 747 2993 dc'li·

99 3019 203 3055 mance
227 3005 402 3065 sentiment,
419 3005 492 3054 mais
511 3017 567 3116 ραν
590 3019 657 3056 rous
681 3020 747 3070 ayet

99 3067 154 3129 [ait
169 3067 252 3116 chose
275 3081 328 3132 ραν
350 3081 407 3132 ααρ
420 3066 509 3140 pentil
531 3080 617 3116 omme
630 3073 748 3131 aymant

98 3143 149 3178 eon
172 3129 308 3178 honneur
329 3142 365 3180 ne
388 3129 464 3180 darre
489 3129 571 3194 faire,
588 3129 673 3180 dictes
694 3143 748 3192 ραν

95 3193 158 3256 ρ’ἀρ
171 3198 276 3254 νααναρ
298 3203 353 3254 ραν
377 3191 405 3241 la
425 3205 507 3256 ρανρν
525 3199 550 3242 et
566 3205 618 3266 ραν
632 3199 747 3244 austant

99 3255 133 3303 de
148 3253 206 3328 fois
218 3267 275 3328 ραν
287 3254 312 3303 le
327 3254 410 3318 diruy
422 3269 475 3317 ραν
488 3261 642 3317 mantrray,
655 3259 747 3305 estant

99 3315 224 3366 delabere
237 3317 274 3365 de
291 3315 427 3378 desentire
440 3322 530 3367 vostre
551 3316 679 3366 bounour
686 3319 746 3381 jus·

101 3393 167 3442 ques
178 3393 219 3427 au
228 3378 344 3428 dernier
353 3377 417 3427 baut
428 3377 462 3428 de
476 3383 563 3428 vostre
572 3378 615 3428 uie
623 3391 634 3438 ,⁸
640 3379 670 3442 je
683 3393 748 3430 αοαν

99 3440 238 3502 responde
249 3453 305 3504 ραν
319 3440 469 3490 ensuiuant
482 3441 510 3490 la
522 3441 610 3503 forme
624 3441 746 3505 traictle,

101 3509 190 3553 eostre
205 3515 306 3552 αανανν
325 3502 431 3552 d'auoir
451 3503 507 3554 este
522 3503 620 3566 pardi,
634 3517 668 3553 ne
681 3510 747 3578 peut

99 3565 178 3613 aroir
202 3563 271 3624 beu,
291 3570 317 3614 et
332 3565 452 3628 pulsaue
478 3569 541 3614 tant
563 3579 617 3628 peu
634 3570 748 3616 eastimet

100 3634 188 3677 eostre
212 3626 354 3686 honneur,
376 3641 412 3676 ne
432 3627 511 3677 m'est
530 3625 669 3678 merveille
695 3642 747 3692 ραν

101 3689 161 3738 nice
184 3695 259 3740 estre
280 3688 369 3752 oblipe
387 3689 564 3753 d'accomplir
585 3696 674 3740 vostre
686 3703 747 3753 pro-

101 3763 206 3810 messe;
232 3765 279 3802 uos
299 3751 423 3815 paralles
454 3765 488 3802 ae
511 3751 655 3814 souffisent
675 3765 749 3815 pour

100 3812 246 3876 satisfaire
271 3813 288 3862 ci
314 3813 447 3864 nostredit
469 3814 612 3875 boanenr,·
626 3827 676 3864 car
693 3814 748 3877 J'ai

101 3875 140 3924 dit
152 3882 179 3924 et
193 3875 274 3924 dirui
283 3889 351 3924 sans
362 3875 465 3925 mentis
476 3889 528 3940 ραν
539 3889 605 3925 rotis
619 3890 684 3926 auen
695 3877 748 3939 fait

102 3937 274 4012 mscbmnent
287 3941 314 3987 ei
328 3938 542 3989 mescbamment
552 3937 587 4022 de
601 3953 659 4012 non
670 3939 749 3988 avoir

101 3999 748 4126 ttttitittittlttttttutti:

102 4131 162 4172 saut
171 4123 204 4187 J'e
220 4137 258 4174 ue
269 4137 336 4174 uous
347 4125 447 4188 abarae
459 4123 507 4174 des
525 4126 616 4174 cboses
634 4130 748 4176 secretes

101 4197 135 4234 ou
147 4199 208 4235 non
218 4186 352 4249 possibles
373 4187 406 4236 de
425 4200 552 4250 praescr,
564 4186 698 4250 puisqu'il
713 4201 748 4238 en

102 4257 205 4310 appar-t
227 4259 285 4312 par
299 4247 465 4312 escriptures
481 4248 589 4312 ripales
609 4249 644 4299 de
661 4257 748 4300 vostre

104 4311 190 4367 osuin,
202 4309 359 4374 desquelles
371 4325 407 4361 ne
418 4325 483 4360 vous
492 4325 574 4374 perez
593 4325 705 4362 eacuser
716 4312 748 4361 ni

103 4371 140 4420 les
154 4373 239 4426 niert
255 4374 316 4422 etsi
326 4386 391 4424 νααν
404 4372 634 4438 voulezaffermer
646 4374 671 4423 le
687 4388 747 4424 con-

103 4436 190 4485 traire
209 4435 281 4498 puis
298 4435 461 4485 sentiement
482 4449 517 4485 en
531 4449 561 4485 se
578 4449 624 4485 cas
636 4438 668 4499 je
683 4450 748 4486 nous

104 4497 173 4546 tiens
185 4469 315 4546 t’robtttttt
336 4511 408 4570 pour
425 4497 612 4560 combatre„ie
628 4511 693 4548 rous
705 4499 749 4548 diz

102 4573 153 4620 ραν
170 4573 246 4632 ροαν
268 4559 293 4609 le
316 4558 380 4609 bien
394 4559 429 4609 de
443 4559 614 4610 Gbrestiente'
624 4565 652 4610 et
665 4561 749 4610 briter

104 4619 222 4683 cannen
238 4621 274 4670 de
288 4634 358 4686 νααρ
380 4626 407 4670 et
425 4626 523 4672 mettre
566 4636 600 4671 αν
617 4635 646 4672 ce
668 4623 710 4686 tin
731 4623 749 4672 ὰ

103 4687 171 4733 ceste
183 4696 296 4794 ρανννν,
310 4689 337 4734 et
359 4697 431 4746 pour
450 4683 532 4757 de'sen
553 4699 584 4734 re
607 4698 654 4733 ma
672 4685 749 4747 juste

102 4759 185 4807 quere
198 4746 233 4808 le,
245 4746 278 4810 je
286 4745 490 4796 maintiendrct
502 4761 530 4795 ce
542 4761 594 4810 ραν
609 4747 650 4796 dit
663 4754 702 4797 est
715 4748 749 4797 de

103 4821 149 4856 ma
162 4820 305 4869 personne
319 4807 377 4857 tila
387 4814 473 4858 eostre
485 4814 555 4859 estre
569 4807 710 4873 uiritable,
722 4814 748 4860 et

104 4869 238 4919 neemia
262 4883 329 4920 αννν
350 4883 445 4920 eurem
460 4885 524 4920 vous
550 4871 584 4921 de
611 4871 661 4920 tels
680 4877 749 4920 molt

104 4945 156 4994 ραν
167 4947 235 4981 rous
247 4932 356 4994 {nieles
367 4947 417 4982 ven
431 4945 484 4995 ραν
495 4947 541 4982 aas
561 4947 658 4984 euures
678 4947 748 4985 mes-

104 4999 236 5044 meseont
253 4994 345 5054 celles,
361 5007 429 5044 sans
447 5006 476 5045 ce
498 5009 551 5058 ραν
565 4996 604 5058 je,
619 5009 654 5045 ne
668 5001 749 5046 autre

105 5055 129 5104 le
141 5055 195 5118 die,
209 5057 260 5120 qui
280 5070 345 5106 vous
366 5056 551 5111 deambulent,
564 5064 591 5107 et
605 5059 682 5107 aussi
696 5071 749 5121 ραν

104 5117 228 5167 ciascun
240 5124 310 5180 peut
326 5132 390 5167 user
407 5119 440 5168 de
455 5119 505 5170 tels
516 5132 616 5183 propos
629 5120 695 5196 plus
707 5119 749 5169 se'-

105 5178 267 5250 icurement
282 5181 316 5230 de
330 5181 404 5244 leina
418 5194 471 5244 ραν
485 5181 518 5232 de
528 5195 592 5256 ρννν
604 5198 609 5240 ;
623 5197 640 5232 a
654 5197 683 5233 ce
697 5195 750 5244 ραν

105 5241 191 5292 dictes
206 5256 260 5306 ραν
264 5242 331 5306 puis
343 5247 438 5294 contre
449 5243 534 5293 verim
545 5257 610 5293 vous
624 5245 653 5294 ai
667 5245 750 5294 ooulu

105 5304 237 5368 cbarper,
264 5304 455 5355 doresnaoant
482 5319 517 5356 ne
542 5320 607 5356 vous
631 5307 750 5370 escripre

106 5379 218 5418 arienne
229 5368 315 5430 close,
328 5367 400 5416 mais
417 5381 469 5431 ραν
485 5369 515 5430 je
537 5381 601 5418 uous
615 5382 713 5420 assare
725 5369 750 5418 le

105 5442 196 5492 camp,
212 5435 239 5479 et
250 5441 317 5479 oeus
332 5443 376 5480 me
388 5437 532 5493 pourterez
546 5430 584 5480 les
596 5444 708 5491 armes,·
728 5430 751 5480 ii

106 5504 170 5542 suus
180 5492 257 5554 saun
273 5491 351 5542 auoir
359 5492 488 5555 patience
510 5506 562 5556 ραν
586 5493 640 5542 l'on
661 5493 705 5542 die
721 5506 750 5542 ee

106 5565 158 5615 ραν
173 5568 241 5604 vous
263 5553 472 5618 [uicissetque
489 5554 521 5617 je
544 5568 610 5604 raus
630 5555 751 5616 escripoe

107 5622 176 5666 ceste
195 5629 337 5680 νννροανν,
378 5629 413 5666 αν
433 5617 552 5679 laquelle
567 5617 597 5681 je
618 5631 683 5668 αααν
707 5616 751 5666 dis

107 5689 158 5737 ραν
176 5679 209 5742 ie
223 5683 334 5742 accepte
394 5691 460 5728 caus
475 5678 559 5728 lirrer
579 5679 604 5728 le
622 5692 712 5743 camp,
725 5685 751 5730 et

109 5741 164 5790 sais
179 5747 296 5792 cantant
306 5753 379 5804 pour
391 5753 439 5791 ma
453 5744 522 5806 part
541 5742 566 5791 le
579 5753 643 5792 rous
657 5755 751 5794 asseu-

1079 348 1146 414 Dis

793 529 840 566 ναν
852 528 909 578 ραν
923 521 983 566 tour
995 515 1033 566 les
1047 529 1161 580 mouens
1176 515 1370 567 raisonnables
1382 531 1434 582 ραν

792 592 841 627 ναν
855 592 885 628 αν
896 581 989 627 seronl
999 578 1107 627 advises
1117 591 1128 638 ,¹
1148 584 1175 627 et
1193 579 1211 627 oi
1232 583 1286 629 cest
1308 578 1385 642 effect
1407 587 1434 630 et

790 652 864 702 pour
890 641 956 704 plus
981 647 1090 704 prompt
1118 641 1282 702 capedient,
1307 643 1337 705 je
1369 656 1434 690 vous

792 717 901 753 mmme
913 703 1140 752 desinaintenant
1161 703 1185 752 le
1200 703 1255 752 lieu
1266 703 1349 753 dudit
1362 717 1434 753 com-

793 765 839 814 bat
855 779 904 814 ναν
921 765 949 814 la
961 765 1062 814 rioierc
1073 763 1123 828 qui
1139 778 1221 827 passe
1234 770 1314 816 entre
1330 765 1433 816 Fonta-

793 827 871 876 rabie
882 834 908 876 et
923 827 1056 890 Andaya,
1074 841 1110 876 en
1131 828 1167 876 tel
1184 829 1293 877 endroit
1312 834 1338 878 et
1357 829 1391 878 de
1406 829 1434 878 la

793 889 921 940 muniere
937 903 990 952 ραν
1010 890 1044 938 de
1062 903 1206 952 commune
1231 896 1435 940 consentement

793 965 856 1001 sera
871 951 965 1000 aduise'
979 951 1044 1015 plus
1057 951 1157 1002 se'beur
1171 956 1197 1002 et
1217 954 1282 1016 plus
1302 965 1434 1002 conuena-

794 1013 855 1074 ble,·
875 1018 902 1064 et
926 1027 969 1063 me
987 1013 1086 1064 semble
1109 1028 1161 1077 ραν
1180 1027 1237 1077 ραν
1249 1014 1344 1064 raison
1359 1028 1394 1064 ne
1410 1015 1435 1064 le

791 1090 873 1140 paces
885 1083 1070 1126 aucuuement
1082 1077 1199 1139 refusam
1212 1090 1248 1126 ne
1259 1076 1320 1126 dire
1332 1077 1366 1126 de
1378 1091 1434 1126 nou

795 1145 864 1189 estre
879 1138 941 1188 bien
953 1139 1072 1196 cessure,
1082 1139 1225 1202 puisquep
1237 1138 1435 1201 sustesddliure'

794 1213 830 1250 en
843 1207 971 1250 recenant
983 1214 1028 1250 uos
1050 1201 1151 1263 enfans
1169 1215 1241 1264 pour
1255 1201 1389 1264 bostaipes
1408 1206 1435 1250 et

793 1268 966 1326 moyennant
992 1267 1081 1313 vostre
1101 1263 1147 1326 sap
1170 1269 1311 1326 pararant
1337 1263 1435 1313 latites

794 1339 865 1388 pour
875 1331 963 1375 nostre
983 1331 1087 1383 retour,
1106 1339 1208 1375 comate
1222 1325 1264 1374 tiit
1276 1329 1324 1384 est,
1340 1331 1367 1376 et
1384 1339 1435 1375 aeu

795 1387 870 1437 aussi
884 1401 937 1450 ραν
945 1401 995 1436 ναν
1005 1389 1034 1436 la
1046 1401 1146 1437 mesms
1160 1387 1259 1437 riviere
1270 1387 1364 1450 fiastes
1375 1401 1435 1437 uos-

795 1454 836 1499 tre
852 1462 989 1560 ρνννοανιν
1004 1454 1030 1500 et
1042 1451 1121 1500 celles
1133 1450 1166 1500 dc
1181 1463 1225 1499 ros
1240 1450 1350 1513 enfans,
1365 1463 1434 1513 pou·

794 1525 839 1562 uec
867 1510 916 1561 ien
924 1511 977 1623 {ser
988 1511 1016 1561 lo
1030 1516 1119 1562 vostre
1136 1513 1230 1575 senile,
1241 1526 1359 1574 ραινραν
1370 1512 1401 1574 je
1416 1527 1434 1576 ρ

794 1576 909 1623 mettrai
934 1587 952 1622 α
967 1573 1088 1634 mienne,
1104 1581 1130 1623 et
1150 1588 1202 1638 ραν
1225 1573 1392 1624 nonobstant
1407 1575 1435 1624 la

795 1635 929 1685 situation
959 1637 1041 1685 drtdit
1072 1637 1145 1694 lieu,
1171 1650 1200 1686 se
1226 1642 1352 1686 trouvera
1382 1635 1435 1686 bon

795 1712 893 1762 moyen
913 1697 981 1762 qu’il
999 1699 1046 1761 n'p
1070 1711 1143 1747 αανα
1159 1699 1309 1762 ααααιαίρν
1328 1697 1395 1762 pius
1417 1699 1434 1748 ci

796 1761 870 1824 l'unp
884 1761 962 1824 ρανὰ
974 1760 1093 1821 l'aulre;
1105 1765 1130 1810 et
1140 1761 1158 1809 b
1169 1761 1202 1810 l'e
1224 1767 1266 1810 ect
1275 1775 1328 1824 ραν
1339 1761 1436 1811 dessus

794 1829 820 1874 et
833 1836 905 1885 pour
921 1823 1082 1896 appoincter
1099 1837 1149 1871 sur
1170 1823 1203 1872 l’c
1215 1823 1304 1872 action
1325 1823 1373 1873 des
1387 1837 1435 1872 ar-

794 1899 859 1943 mes,
873 1898 925 1949 ραν
928 1899 959 1949 Je
987 1885 1096 1934 retentis
1109 1897 1154 1935 me
1164 1886 1330 1948 apparteuir
1341 1891 1367 1936 et
1378 1900 1435 1936 noa

795 1948 925 2007 draus,et
936 1899 995 2010 olipa
1007 1947 1075 2011 qu'il
1086 1947 1133 2011 n'p
1147 1948 1186 1996 ait
1196 1949 1332 2012 lonpueur
1341 1961 1377 1998 ne
1392 1949 1434 1998 di-

795 2010 886 2059 lacian
898 2023 933 2058 en
945 2009 973 2058 la
990 2009 1155 2068 conclusion,
1169 2024 1305 2073 pourrons
1319 2023 1436 2074 enuoper

794 2085 843 2121 sur
854 2072 921 2121 ledit
937 2071 991 2121 lieu
1012 2071 1235 2135 pentilsbommes
1256 2073 1290 2122 de
1315 2074 1435 2122 ciascun

795 2133 886 2184 couete'
896 2147 961 2184 avec
978 2134 1125 2196 souffisant
1139 2135 1253 2196 pouuoir
1274 2135 1392 2183 d'auiser
1409 2143 1435 2185 et

795 2197 922 2246 conclure
933 2201 995 2246 tant
1011 2197 1045 2245 de
1058 2197 1086 2245 la
1097 2196 1225 2245 sebeurte
1243 2198 1333 2260 ννραὶν
1353 2197 1436 2246 dudit

795 2272 883 2321 camp,
903 2273 955 2322 ραν
972 2259 1006 2308 de
1027 2257 1161 2308 l'llectiou
1187 2259 1307 2308 desdites
1333 2271 1433 2322 armes,

791 2321 858 2384 jour
872 2321 952 2370 dudit
965 2320 1069 2370 combat
1086 2325 1112 2370 et
1128 2321 1165 2369 du
1177 2321 1288 2384 surptus
1303 2321 1435 2370 touchant

796 2384 814 2432 ὰ
826 2397 855 2434 ce
867 2396 921 2432 cas.
936 2383 973 2432 Et
985 2383 1008 2432 si
1022 2383 1110 2432 dauns
1122 2384 1341 2446 quarentejours
1353 2383 1435 2446 apres

797 2445 824 2495 la
831 2445 1024 2509 presentation
1043 2447 1078 2495 de
1093 2450 1170 2508 ceste,
1184 2459 1274 2495 neme
1286 2445 1435 2517 respondet

796 2513 822 2558 el
836 2521 872 2557 ne
889 2521 934 2556 me
952 2508 1059 2556 advises
1080 2507 1114 2557 de
1126 2512 1213 2558 eostre
1235 2508 1374 2557 intention
1386 2522 1435 2558 ναν

795 2583 832 2632 ce,
847 2569 902 2619 l’on
914 2582 1020 2634 pourra
1034 2568 1097 2619 bien
1111 2570 1185 2619 oeoir
1195 2584 1247 2634 ραν
1265 2571 1289 2620 le
1302 2569 1384 2634 ddlay
1397 2570 1435 2620 du

796 2631 902 2681 eontbat
916 2645 979 2681 sera
990 2637 1087 2689 vostre,
1100 2645 1154 2700 ραν
1166 2646 1231 2680 vous
1247 2645 1310 2682 sera
1330 2631 1437 2696 impute'

796 2700 821 2744 et
846 2694 971 2756 adjoinct
989 2706 1055 2743 arec
1074 2694 1102 2744 la
1124 2694 1214 2755 [atille
1232 2693 1267 2744 de
1284 2707 1341 2744 non
1358 2694 1436 2744 avoir

796 2756 928 2819 accompli
947 2770 975 2806 ce
997 2770 1049 2820 ραν
1070 2759 1215 2818 promittes
1234 2757 1253 2806 ὰ
1272 2756 1394 2816 Modrii,·
1409 2760 1435 2806 ot

796 2825 885 2882 quant
897 2819 914 2866 ὰ
926 2833 955 2868 ce
968 2832 1019 2882 ραν
1035 2823 1234 2882 prolataque
1252 2819 1277 2868 si
1288 2833 1369 2892 oprez
1382 2833 1435 2868 oos-

797 2889 838 2931 tre
852 2880 1025 2930 declaration
1037 2894 1074 2930 en
1088 2881 1193 2930 aultres
1212 2879 1287 2932 liena
1301 2895 1332 2946 ye
1344 2882 1388 2930 dia
1400 2895 1436 2930 ou

797 2944 910 3006 escripte
925 2943 1047 3006 parolies
1063 2943 1111 3054 ραν·
1131 2942 1217 2992 soient
1235 2949 1329 2992 contre
1347 2949 1435 2994 vostre

797 3005 931 3063 honneur,
948 3019 1000 3067 ραν
1023 3006 1051 3055 la
1077 3011 1150 3055 tonte
1163 3019 1198 3054 ou
1213 3005 1295 3070 ole'lay
1311 3005 1348 3054 du
1363 3019 1435 3054 com·

797 3067 843 3118 bat
856 3080 892 3117 en
906 3081 968 3118 sera
981 3068 1102 3130 micans,
1114 3081 1164 3118 oen
1176 3081 1229 3130 que
1241 3070 1344 3118 venant
1356 3068 1436 3117 audit

797 3129 904 3179 combat
926 3136 966 3180 est
992 3130 1020 3179 la
1036 3133 1077 3193 tin
1100 3129 1134 3179 de
1155 3135 1242 3179 tontes
1262 3129 1435 3193 ascriptures,

797 3192 943 3242 rostredite
956 3192 1139 3256 protestation
1161 3199 1201 3242 est
1219 3192 1295 3242 ναρνν
1315 3191 1377 3242 bien
1393 3205 1436 3242 esc·

796 3254 944 3312 anscerus·
963 3269 993 3304 ce
1006 3255 1075 3304 n'esl
1089 3255 1107 3303 b
1121 3268 1187 3304 υοαν
1204 3268 1248 3303 νην
1267 3254 1370 3319 ρανάνν
1384 3267 1437 3318 ραν

797 3331 833 3366 ne
844 3317 889 3366 die
901 3315 996 3380 ve'ritd,
1012 3317 1132 3366 encoires
1143 3316 1191 3379 qui
1204 3330 1270 3366 cous
1287 3315 1398 3380 priefae,
1410 3321 1436 3366 et

797 3379 873 3428 aussi
883 3379 914 3452 je
925 3379 983 3428 suis
998 3377 1062 3429 bien
1081 3379 1180 3428 sebeur
1191 3393 1244 3442 ραν
1255 3392 1327 3490 ροαν
1340 3377 1437 3428 raison

797 3455 832 3492 ne
841 3456 907 3505 puis
917 3441 1055 3505 recepvoir
1067 3441 1149 3490 tante
1165 3441 1204 3490 du
1219 3441 1254 3490 dt
1264 3455 1300 3504 αρ
1312 3440 1351 3490 siu
1363 3455 1435 3491 corn·

797 3503 854 3564 bat,
866 3504 986 3583 ραὶνραν
999 3509 1057 3552 tout
1070 3503 1095 3554 le
1106 3503 1205 3553 monde
1215 3508 1281 3567 peut
1293 3502 1436 3567 conqnois·

798 3570 839 3616 tre
854 3565 1000 3629 laffectiou
1013 3579 1062 3629 ραν
1074 3565 1129 3628 ,ν’ἀί
1151 3566 1215 3614 d'cn
1235 3565 1309 3614 veoir
1330 3565 1435 3676 l'effect.

796 3627 924 3677 Donneb
939 3629 1053 3678 Monson
1067 3641 1102 3678 en
1126 3641 1188 3676 mon
1200 3628 1345 3692 ropaulme
1379 3628 1436 3676 'Ar-

796 3703 884 3752 rapon
898 3691 922 3740 le
936 3690 1036 3753 axiiijt
1046 3690 1113 3752 jour
1133 3690 1215 3739 dudit
1226 3691 1295 3739 mois
1313 3689 1348 3740 de
1362 3689 1435 3754 thnp

798 3753 856 3802 l’an
872 3752 924 3802 mil
937 3752 1001 3816 cinq
1014 3765 1077 3801 cens
1086 3750 1248 3826 uiuat-buit.

828 3815 965 3866 Formam
1000 3815 1089 3864 aliam
1116 3814 1329 3873 diffidationis,
1358 3813 1437 3864 haud

797 3877 917 3928 omnino
946 3874 1077 3934 obviam,
1101 3874 1220 3926 observo
1246 3877 1276 3925 in
1300 3877 1437 3926 Poemate

797 3939 963 4012 vernaculo,
978 3939 1025 3989 eui
1042 3937 1147 3988 titulus
1160 3937 1197 3987 le
1209 3937 1319 3988 Rmnon
1333 3938 1367 3988 de
1381 3937 1436 3988 Ga·

797 4013 863 4050 rin:

851 4078 916 4123 utsii
927 4080 1016 4128 Girbert,
1030 4079 1082 4123 ituit
1091 4091 1124 4122 me
1132 4083 1190 4122 unes
1199 4091 1237 4134 por
1246 4079 1283 4129 sil,

850 4133 868 4176 u
878 4133 919 4188 prii
928 4134 979 4176 deux
991 4145 1041 4188 pens
1052 4133 1085 4175 dei
1096 4133 1173 4187 pelican
1184 4133 1271 4182 hermia,

850 4187 929 4229 envers
941 4187 1023 4231 Girbert
1033 4187 1064 4228 ies
1074 4198 1111 4228 rus
1124 4191 1145 4228 el
1152 4185 1196 4241 inii.

850 4239 900 4283 uuis
909 4241 924 4283 li
937 4241 996 4290 edit,
1010 4240 1091 4282 Girbert
1098 4239 1120 4294 je
1130 4251 1168 4282 ros
1179 4238 1239 4282 usti.

799 4311 932 4363 Occurrit
946 4324 1002 4363 non
1017 4311 1105 4362 semei
1126 4310 1227 4362 eedem
1245 4309 1437 4362 diffidationis

798 4375 909 4439 spectes
921 4375 951 4424 in
967 4374 1067 4425 eodem
1080 4371 1225 4424 Poemate.
1247 4373 1309 4424 Prae
1325 4373 1438 4424 caeteris

798 4449 864 4488 vero
876 4437 1000 4487 formam
1015 4435 1209 4486 diffidamenti
1225 4435 1267 4486 ita
1285 4435 1439 4498 descripsit

799 4497 925 4550 lacobus
943 4500 962 4549 l.
976 4499 1035 4549 Rex
1050 4499 1175 4556 tragon.
1200 4498 1230 4546 tn
1251 4498 1333 4548 Foris
1358 4498 1438 4548 Osce

799 4571 867 4612 ann.
881 4560 951 4610 1247.
971 4560 1019 4610 fol.
1032 4560 1081 4609 26:
1098 4559 1199 4610 Nullus
1214 4559 1302 4622 miles,
1318 4559 1373 4610 sire
1391 4558 1438 4610 In·

798 4623 908 4684 santio,
932 4627 1084 4685 prasumat
1118 4621 1239 4686 aliquem
1265 4635 1363 4684 capere
1388 4625 1439 4670 aui

798 4691 932 4745 muctare,
946 4690 995 4734 aut
1021 4687 1143 4733 castrum
1166 4682 1288 4748 alicujus
1309 4697 1362 4746 per
1383 4683 1438 4732 uim

799 4744 1439 4880 sititetttritltutt‘ttttttt

1368 4846 1374 4870 l

798 4885 855 4921 non
874 4871 931 4921 sint
955 4869 1070 4920 vassalli
1083 4870 1204 4933 alicujus
1227 4883 1330 4928 eorum,
1350 4883 1397 4932 ραι
1411 4883 1439 4920 νν

798 4933 850 4995 Dis
869 4932 1070 4992 daverint,cum
1080 4930 1203 4982 induciis
1212 4932 1305 4983 decem
1314 4932 1439 4983 dierum:

799 5001 823 5046 et
850 5008 929 5045 orma
944 4995 999 5044 ista
1020 4993 1098 5057 apud
1120 4993 1278 5057 Burpenses
1297 4998 1323 5044 et
1346 5007 1440 5044 omnes

799 5059 867 5107 alios
878 5057 996 5118 tirmiter
1002 5057 1165 5114 observetur,
1176 5057 1333 5120 utquisque
1345 5069 1440 5106 eorum

799 5133 881 5183 ναρνν
893 5119 1055 5182 probatione
1068 5119 1265 5183 Diffidamenti
1275 5133 1337 5168 mem
1351 5119 1440 5168 tribus

799 5181 850 5231 sibi
872 5181 1060 5232 consimilibus
1081 5195 1109 5231 se
1133 5181 1260 5245 Diffidet.
1278 5181 1384 5240 Quicun
1405 5195 1440 5230 ue

798 5259 861 5294 aero
877 5257 960 5307 super
973 5243 1124 5307 premissis
1140 5257 1197 5292 non
1217 5243 1365 5294 seruaverit
1386 5196 1439 5306 ἵνα·

798 5319 875 5356 mam
897 5306 981 5355 istam
1013 5305 1229 5378 Diffidamenti,
1254 5305 1291 5354 sit
1321 5305 1441 5355 traditor

799 5369 985 5432 manifestus:
1001 5369 1057 5417 nist
1069 5369 1139 5430 forte
1154 5381 1236 5430 super
1254 5369 1318 5416 ritca
1332 5367 1439 5428 aliqua,

799 5432 945 5495 repentino
970 5444 1036 5480 casu
1062 5430 1233 5480 contineret
1261 5429 1440 5480 homicidium

797 5492 964 5558 perpetrari,
980 5497 1030 5542 aut
1044 5506 1075 5541 sn
1097 5505 1127 5542 er
1139 5443 1180 5540 ab·
1199 5505 1234 5540 uo
1252 5491 1367 5556 planare
1390 5496 1441 5540 aut

800 5555 918 5606 assultu.
948 5555 1027 5607 Adde
1053 5506 1102 5605 nb.
1128 5554 1153 5604 6.
1182 5507 1440 5628 bbservantiarum

802 5619 856 5670 lori
871 5620 996 5678 Arason.
1012 5615 1097 5668 libb.
1113 5617 1160 5666 tit.
1174 5616 1208 5666 de
1219 5617 1312 5728 sermo
1324 5615 1440 5681 dissida-

801 5680 897 5731 menti.
911 5679 1000 5730 Netos
1021 5679 1120 5730 autem
1141 5679 1217 5728 exist
1231 5677 1361 5738 mebant,
1374 5680 1441 5728 bos·

801 5745 859 5795 tem
872 5743 1021 5806 impetere,
1034 5739 1116 5792 nulla
1127 5739 1439 5804 Diffidationepraevie;

2062 327 2127 417 ια’

1483 517 1533 578 oui
1550 517 1652 568 contre
1669 517 1844 582 ageraton
1867 520 2013 584 proditore
2036 518 2129 572 habe-'

1486 578 1580 630 batur.
1597 579 1743 642 Turpinus
1759 579 1789 630 tn
1811 580 1914 632 carolo
1936 583 1974 632 M.
1998 593 2032 633 ea
2054 583 2123 634 .17:

1488 640 1560 690 Talis
1572 647 1634 690 erat
1644 641 1720 690 inter
1734 655 1778 691 eos
1793 642 1942 697 institutio.
1986 658 2019 692 uo
2100 646 2127 696 ei

1483 703 1586 766 aliquis
1598 709 1724 766 treupam
1739 705 1836 754 datam
1849 713 1915 754 ante
1928 707 1964 755 Di
1978 706 2124 769 fidentiam

1483 765 1636 828 franperet,
1661 765 1757 815 statim
1779 767 1990 830 interficeretur.
2017 771 2125 822 Auctor

1484 827 1560 878 Hist.
1576 828 1719 878 Hierosoi.
1744 840 1811 879 ann.
1828 829 1898 880 1177.
1921 831 1956 882 da
1977 831 2124 884 Friderieo

1484 891 1506 940 I.
1519 891 1569 950 qui
1592 889 1763 942 saladinum
1781 891 1983 944 diffidaverat:
2004 891 2040 942 Et
2058 895 2125 956 oum

1483 951 1642 1014 imperialis
1652 951 1785 1016 majestas
1797 954 1936 1004 neminem
1949 955 2020 1004 citra
2034 955 2124 1018 desec-

1484 1014 1586 1064 tionem
1614 1014 1651 1064 im
1672 1015 1731 1074 etit,
1755 1014 1803 1064 sed
1826 1016 1945 1066 hostibus
1971 1017 2028 1066 suis
2052 1017 2125 1068 belia

1483 1076 1715 1190 {imitabili
1729 1077 1994 1190 ittittt‘ttii'
2010 1084 2125 1192 biii

1851 1179 1856 1198 t
2019 1161 2026 1190 l
2111 1168 2124 1183 ⁸⁸

1485 1213 1584 1250 norum
1597 1201 1784 1260 universitati,
1821 1215 1886 1251 uam
1910 1203 1987 1261 laesit,
2009 1203 2123 1267 satissa-

1484 1261 1584 1312 tiatira
1600 1264 1778 1326 plenum‚uel
1795 1217 1987 1326 Xit‘lidueiotus
2006 1279 2035 1315 se
2052 1281 2121 1329 pree·

1486 1400 1597 1500 1283911.
1610 1449 1657 1500 21;
1673 1449 1760 1499 Nulla
1780 1401 1965 1523 abrpaottobe
1980 1429 2125 1514 premissa

1484 1511 1569 1576 (quod
1582 1513 1732 1561 multorum
1753 1511 1852 1562 'udicio
1864 1513 2014 1575 proditoris
2029 1520 2125 1564 notam
2163 1513 2168 1519 '

1484 1587 1542 1624 non
1553 1573 1659 1638 effupit)
1673 1525 1807 1624 mortino
1823 1575 1988 1638 impetendo.
2002 1575 2125 1626 Obroat-

1484 1647 1538 1686 con
1551 1636 1686 1687 Austraie
1703 1647 1771 1686 ann.
1784 1636 1860 1686 1278:
1875 1638 2019 1687 Austriam
2030 1635 2122 1701 inpre-

1485 1699 1612 1757 ditur,....
1626 1697 1775 1761 quamuis(
1797 1698 1851 1748 aod
1876 1699 1953 1749 dictu
1976 1699 2061 1772 nesae,
2076 1701 2125 1764 est)

1484 1775 1630 1824 nunquam
1647 1759 1754 1810 litteras
1765 1713 1817 1824 gis
1830 1759 1935 1810 'dantia
1948 1761 1972 1812 R
2007 1761 2125 1812 iRorna-

1763 348 1829 415 DlF

1484 1836 1586 1872 norum
1605 1823 1792 1886 pramisisset.
1849 1823 1950 1874 ilieim.
2003 1823 2124 1876 atmesb.

1485 1885 1547 1936 loco
1562 1886 1670 1936 citato:
1696 1883 1829 1948 Iniquum
1852 1885 1883 1934 id
1907 1887 1993 1935 uisum
2019 1887 2125 1947 mullis,

1503 1948 1553 1996 uia
1564 1947 1719 2010 suspicione
1732 1947 1814 1998 nulla
1824 1949 1951 1998 rancoris
1963 1947 1997 1998 ab
2009 1947 2047 1997 eis
2058 1953 2126 2000 ante

1484 1961 1585 2072 barum
1599 2009 1776 2069 abscesserat,
1790 2023 1842 2060 nec
1852 2011 1932 2060 inodo
1945 2024 2020 2060 more
2039 2010 2125 2074 majo·

1484 2085 1548 2121 rum
1574 2071 1728 2121 amicitiam
1753 2085 1833 2121 suam
1860 2073 1900 2122 eis
1927 2072 2124 2134 interdiceret,

1504 2133 1558 2183 aod
1577 2133 1721 2198 diffidiare
1747 2133 1855 2184 dicunt.
1872 2135 1955 2260 Αραᾱ
1980 2135 2067 2186 Misit.
2081 2135 2126 2188 dcl

1513 2196 1586 2246 olino
1597 2197 1628 2246 in
1642 2197 1828 2260 Repertorio:
1850 2196 1886 2245 Di
1900 2196 2052 2258 tidamento
2068 2210 2126 2248 non

1482 2259 1654 2322 precedente
1666 2257 1788 2331 lepitimp
1807 2265 1833 2308 et
1847 2258 1939 2321 forali,
1958 2259 2127 2322 repuleriter

1485 2321 1582 2370 nullus
1593 2327 1682 2384 potest
1694 2335 1724 2370 tn
1735 2321 1878 2383 Aroponia
1891 2321 1978 2369 alium
1992 2321 2126 2386 damniti-

1485 2396 1555 2446 care,
1576 2396 1684 2446 capere,
1709 2386 1759 2432 aut
1781 2382 1913 2444 occidere,
1932 2383 1975 2432 rel
2002 2389 2124 2433 castrum

1484 2445 1545 2509 ejus
1557 2458 1608 2508 per
1623 2444 1679 2494 uim
1693 2452 1720 2495 et
1737 2445 1855 2507 forciam
1876 2459 1938 2494 occu
1961 2459 2028 2494 are:
2051 2445 2125 2496 alias

1484 2508 1606 2556 incurrit
1645 2520 1737 2556 oenam
1756 2507 1926 2557 traditionis.
1976 2507 2126 2558 ilibardui-

1485 2581 1541 2620 nus
1551 2582 1580 2620 n.
1596 2521 1644 2619 113
1659 2585 1664 2618 :
1680 2569 1717 2620 Et
1731 2568 1795 2620 bien
1808 2584 1853 2619 uos
1874 2571 2010 2619 mandent
2030 2570 2063 2629 il,
2073 2583 2126 2633 ραν

1486 2632 1506 2681 ii
1520 2631 1686 2743 neseroient
1707 2645 1742 2681 ne
1755 2645 1809 2694 uos,
1822 2646 1858 2682 ne
1879 2633 1965 2681 oltrni
1982 2633 2047 2694 mal,
2063 2636 2127 2681 tunt

1484 2694 1558 2757 quei
1582 2707 1617 2743 ne
1636 2699 1749 2744 aussent
1766 2694 1864 2757 Deffie,
1882 2708 1935 2757 ραν
1954 2694 1975 2742 il
1994 2707 2029 2744 ne
2042 2693 2127 2758 {irent

1484 2769 1588 2819 unques
1606 2755 1742 2817 trabison,
1762 2770 1799 2806 ne
1814 2771 1849 2806 en
1874 2756 1915 2805 lor
1931 2762 2004 2806 terre
2024 2756 2127 2806 n'estil

1485 2819 1540 2868 mie
1553 2819 1700 2877 acastume',
1714 2832 1766 2882 ραν
1780 2819 1802 2868 il
1817 2819 1841 2869 le
1855 2818 1957 2880 faceat.
1970 2819 2126 2870 Froissarl.

1485 2883 1509 2931 2.
1525 2881 1579 2932 vol.
1593 2892 1655 2946 cap.
1674 2881 1735 2932 134:
1753 2880 1808 2930 Car
1827 2881 1851 2930 si
1864 2893 1963 2991 {nerra
1978 2881 2000 2932 il
2012 2881 2053 2930 lui
2064 2894 2126 2930 uon

1486 2943 1534 2992 leit
1545 2943 1627 3006 faire,
1639 2943 1661 2994 ii
1672 2947 1712 2994 etl
1723 2942 1785 2992 bien
1797 2943 1821 2993 si
1831 2958 1868 2992 no
1887 2944 1912 2992 le
1925 2948 1951 2993 et
1962 2943 2045 3004 αυὶνέ,
2056 2943 2127 3008 qu'il

1487 3005 1565 3054 l’eust
1597 3004 1651 3067 fait
1682 3011 1768 3054 auant
1803 3005 1860 3069 Des
1909 3045 1915 3055 .
1948 3004 2126 3057 Constitutio

1486 3067 1626 3118 Frideriei
1638 3067 1677 3118 ΙΙ.
1689 3067 1847 3118 Franeot'or
1870 3079 1956 3118 .ann.
1964 3067 2035 3118 1234.
2048 3068 2126 3131 apud

1486 3129 1652 3180 Albericum
1664 3145 1670 3177 z
1684 3127 1753 3180 item
1767 3131 1925 3192 statuimus,
1941 3135 1972 3179 ut
1984 3129 2081 3179 nullus
2094 3131 2127 3179 in

1483 3204 1612 3255 persona,
1641 3192 1684 3242 uel
1706 3191 1739 3241 in
1765 3192 1848 3242 rebus
1872 3192 1959 3242 alicui
1991 3193 2127 3242 domnum

1485 3253 1601 3317 inferat,
1614 3253 1669 3303 nisi
1685 3253 1765 3318 prius
1779 3269 1851 3316 eum,
1864 3255 1908 3304 cui
1927 3255 2061 3304 damnum
2080 3256 2127 3304 in-

1485 3317 1559 3379 ferre
1573 3316 1697 3376 minerii,
1711 3317 1750 3366 ad
1763 3317 1858 3366 minus
1870 3317 1954 3366 trium
1969 3316 2079 3367 dierum
2099 3321 2126 3368 el

1467 3403 1469 3409 ·
1485 3380 1608 3429 noctium
1621 3378 1711 3442 spatio
1733 3379 1919 3443 Diffidauerit,
1933 3386 1958 3429 ct
1972 3383 2039 3428 tuno
2050 3384 2128 3430 uter-

1486 3455 1539 3506 ραν
1557 3455 1653 3504 pacem
1674 3441 1708 3490 ab
1725 3441 1813 3492 altero
1826 3455 1879 3505 per
1896 3441 2061 3504 praedictum
2076 3449 2128 3492 ter·

1486 3504 1595 3552 minum
1616 3502 1734 3564 babebit,
1747 3505 1873 3568 alioquin
1888 3518 1940 3567 per
1958 3505 2128 3556 senteutiam

1483 3564 1681 3629 proscribatur.
1694 3566 1775 3617 Idem
1810 3565 1988 3618 rescribitur
2011 3566 2126 3618 Consti-

1486 3629 1600 3679 tutione
1628 3628 1767 3679 Frideriei
1790 3580 1920 3679 1baon.
1950 3628 2021 3679 1187.
2050 3627 2128 3693 apud

1487 3690 1651 3740 conradum
1691 3690 1913 3754 Uspergensem.
1953 3691 2019 3741 Alia
2061 3702 2126 3742 vero

1487 3751 1581 3802 Caroli
1594 3751 1643 3802 IV.
1661 3752 1735 3816 Imp.
1747 3753 1825 3818 apud
1848 3752 2005 3804 Levoldum
2027 3753 2128 3804 Norto·

1487 3815 1578 3864 svium
1593 3815 1623 3864 in
1646 3813 1788 3866 Chronico
1810 3815 1947 3865 Marcone
1972 3826 2040 3864 ann.
2057 3815 2128 3866 1356.

1486 3877 1605 3927 cavetur
1617 3877 1717 3936 etiam,
1731 3889 1767 3926 ne
1789 3875 1987 3938 Diffidotiones
2006 3877 2079 3950 (tant
2097 3877 2130 3926 in

1487 3937 1623 4010 iocis,·ubi
1637 3937 1667 4000 ii,
1689 3939 1788 4050 (litibus
1802 3938 1903 3988 bellum
1922 3938 2069 4002 indicitur,
2085 3939 2129 3988 do·

1487 4001 1590 4050 micitia
1604 4014 1691 4050 nono
1710 4000 1809 4059 tinent,
1827 4007 1877 4050 aut
1897 4014 1930 4050 να
1953 4001 2129 4051 continenter

1487 4077 1544 4111 non
1563 4062 1701 4113 habitant.
1725 4063 1878 4114 Froissart.
1903 4063 1926 4112 1.
1942 4063 1996 4113 voi.
2010 4074 2073 4127 cap.
2088 4063 2129 4114 35.

1488 4127 1654 4184 auctorest,
1665 4125 1827 4198 imperante
1842 4125 1988 4176 Ludovico
1999 4121 2128 4186 'Bavaro,

1489 4189 1564 4237 tiano
1581 4186 1720 4238 Frideriei
1733 4187 1878 4238 invectam
1902 4187 2021 4248 perinde
2034 4187 2128 4248 legem

1487 4249 1522 4300 de
1547 4247 1782 4299 diffidationibus
1804 4264 1810 4298 :
1838 4248 1875 4298 Et
1897 4248 1942 4311 fut
1967 4250 1995 4298 lb
2018 4248 2129 4301 endroit

1487 4309 1642 4361 renouuelib
1655 4325 1696 4360 un
1706 4311 1884 4375 jupementet
1900 4314 1986 4360 statut
2011 4316 2038 4361 et
2050 4311 2131 4423 ager-

1487 4373 1540 4432 ine,
1555 4373 1604 4436 qui
1619 4373 1692 4422 auoit
1704 4373 1760 4424 este
1772 4373 1828 4436 fait
1842 4374 1860 4423 ὰ
1875 4374 1903 4423 la
1917 4372 1989 4423 Cour
1997 4374 2031 4424 de
2042 4373 2060 4424 l’
2088 4388 2130 4424 m·

1486 4448 1588 4498 pereur
1603 4435 1628 4485 le
1648 4440 1736 4499 temps
1747 4435 1837 4498 pass-d,
1854 4437 1902 4499 qui
1921 4435 2001 4486 estoit
2017 4436 2062 4494 tel,
2078 4449 2131 4498 ραν

1488 4498 1536 4562 ραν·
1550 4497 1651 4546 uouloit
1672 4498 1768 4548 autrui
1792 4512 1898 4561 prover,
1920 4513 1955 4548 ou
1976 4505 2070 4562 parter
2086 4498 2130 4546 do-

1488 4573 1577 4624 mnae,
1590 4559 1612 4608 il
1623 4559 1647 4609 ie
1657 4559 1744 4610 devoit
1755 4561 1859 4634 Desfier
1870 4561 2055 4625 suffisament,
2064 4559 2131 4608 trois

1485 4622 1565 4684 jours
1577 4620 1679 4672 deuant
1691 4635 1742 4672 son
1774 4627 1833 4683 oit;
1854 4627 1881 4672 et
1905 4623 1953 4686 qui
1972 4626 2130 4672 autrement

1489 4685 1513 4733 le
1526 4683 1631 4756 (aisoit,
1645 4685 1666 4734 il
1686 4684 1777 4735 devort
1791 4691 1862 4735 estre
1873 4685 1992 4734 ratlaint
2005 4685 2040 4733 de
2050 4695 2128 4732 rnou·

1488 4758 1547 4794 uass
1561 4752 1587 4796 et
1600 4746 1690 4797 uitam
1702 4748 1765 4810 fait.
1781 4747 1854 4798 Vide
1868 4747 1962 4798 Raim.
1976 4747 2129 4795 Montana·

1489 4809 1565 4858 rium
1578 4820 1641 4872 cap.
1653 4809 1709 4860 216.
1732 4809 1930 4861 Obseruantia
1950 4807 2042 4868 Regni
2062 4807 2130 4856 Ara-

1489 4881 1555 4930 pon.
1570 4869 1619 4922 lib.
1636 4871 1662 4922 6.
1683 4871 1718 4923 de
1733 4871 1867 4932 Priviieg.
1890 4869 2018 4920 Militum
2043 4867 2055 4928 5
2077 4866 2128 4917 22:

1488 4931 1575 4982 tacto
1587 4937 1694 4982 cartam
1729 4934 1794 4991 acis,
1807 4933 1904 4981 nullus
1924 4931 1984 4979 sine
2008 4928 2129 4991 Diffida-

1489 4999 1581 5044 mento
1597 4995 1678 5045 alteri
1693 4947 1761 5045 fine
1781 4995 1858 5044 debet
1882 4994 2037 5053 darnnum;
2054 4995 2129 5040 attu-

1489 5070 1553 5106 men
1578 5057 1773 5107 nervilianus
1798 5055 2009 5116 intentionem,
2035 5067 2086 5103 nec
2116 5067 2131 5104 ν

1490 5125 1587 5168 contra
1599 5124 1729 5169 tenentur
1740 5133 1768 5170 se
1781 5117 1928 5180 Dissidere,
1941 5115 1965 5164 si
1979 5115 2052 5165 alter
2063 5115 2130 5164 alte-

1489 5181 1549 5230 rius
1575 5180 1747 5243 interfecerit
1778 5178 2035 5250 consanpuineam,
2062 5177 2131 5288 guia

1490 5242 1581 5292 dictus
1590 5245 1668 5306 forus
1679 5242 1759 5292 babet
1771 5255 1833 5291 eum
1847 5254 1897 5302 pro
1908 5239 2053 5302 Diffidato,
2081 5253 2131 5290 um

1491 5311 1585 5354 tamen
1607 5304 1787 5366 manifestum
1806 5301 1984 5352 nomicidium
2007 5303 2132 5361 existam

1489 5367 1562 5415 alias
1576 5365 1600 5415 si
1614 5369 1683 5415 esset
1697 5365 1822 5422 dubium,
1837 5371 1906 5414 esset
1917 5363 1957 5413 ibi
1973 5362 2132 5414 necessaria

1489 5427 1643 5491 Diffidatio,
1659 5433 1685 5478 et
1694 5427 1718 5476 si
1727 5427 1800 5476 alias
1810 5429 1858 5490 jus
1870 5426 1987 5490 afferret,
1998 5424 2130 5538 religere-

1489 5495 1537 5538 tur
1549 5489 1609 5551 ejus
1618 5489 1710 5552 firma,
1723 5492 1750 5538 et
1762 5495 1829 5539 esset
1835 5490 1976 5553 pendente
1988 5487 2038 5538 boc
2070 5487 2133 5537 ubic

1490 5551 1706 5610 assecurandus,
1736 5551 1821 5613 justa
1854 5551 1943 5616 Repni
1977 5565 2070 5601 usum.
2099 5549 2132 5600 Si

1491 5617 1585 5663 tamen
1600 5613 1659 5663 sine
1675 5612 1867 5676 diffidomento
1879 5613 1911 5664 in
1927 5611 2008 5662 dictis
2022 5613 2130 5662 casibus

1491 5673 1615 5737 Infantia
1627 5675 1774 5737 villanum,
1792 5676 1859 5726 vele
1874 5683 1970 5725 contra
1989 5675 2130 5737 interfece-

1490 5739 1538 5801 rit,
1551 5751 1608 5788 nan
1618 5738 1754 5801 punietur
1766 5752 1849 5802 poena
1870 5737 1994 5802 capitali,
2012 5739 2037 5786 si
2044 5734 2131 5799 possit

1936 5800 1974 5863 15
